% Metadata for all images in this folder, in biblatex format
% Data for images from source

@Online{tikz/kkt-optimal,
  author =	 {{\copyright~Robert Hildebrand  \href{https://creativecommons.org/licenses/by-sa/4.0/}{CC BY-SA 4.0}.}}, 
  title =	 {KKT Optimal Point},
  shorttitle =	 {KKT Optimal},
  year =	 {2020},
  url =         {https://github.com/open-optimization/open-optimization-or-book/tree/master/content/figures/figures-source/tikz/kkt-optimal.tex},
  %urldate =	 {2020-1-11},
  options =	 {skipbib=true},
}

@Online{tikz/kkt-non-optimal1,
  author =	 {{\copyright~Robert Hildebrand  \href{https://creativecommons.org/licenses/by-sa/4.0/}{CC BY-SA 4.0}.}}, 
  title =	 {A non-optimal point},
  shorttitle =	 {non-optimal},
  year =	 {2020},
  url =
                  {https://github.com/open-optimization/open-optimization-or-book/tree/master/content/figures/figures-source/tikz/kkt-non-optimal1.tex},
  %urldate =	 {2020-1-11},
  options =	 {skipbib=true},
}

@Online{tikz/kkt-non-optimal2,
  author =	 {{\copyright~Robert Hildebrand  \href{https://creativecommons.org/licenses/by-sa/4.0/}{CC BY-SA 4.0}.}}, 
  title =	 {A non-optimal point},
  shorttitle =	 {non-optimal},
  year =	 {2020},
  url =
                  {https://github.com/open-optimization/open-optimization-or-book/tree/master/content/figures/figures-source/tikz/kkt-optimal.tex},
  %urldate =	 {2020-1-11},
  options =	 {skipbib=true},
}


@Online{tikz/linear-regression.pdf,
  author =	 {{\copyright~Latex Draw  \href{https://creativecommons.org/licenses/by-sa/4.0/}{CC BY-SA 4.0}.}}, 
  title =	 {Linear Regression},
  shorttitle =	 {Linear Regressin},
  year =	 {2020},
  url =
                  {Source: https://latexdraw.com/linear-regression-in-latex-using-tikz/, Adaptation: https://github.com/open-optimization/open-optimization-or-book/tree/master/content/figures/figures-source/tikz/linear-regression.tex},
  urldate =	 {2020-1-11},
  options =	 {skipbib=true},
}


@Online{tikz/convexiy-definition,
  author =	 {{\copyright~Robert Hildebrand  \href{https://creativecommons.org/licenses/by-sa/4.0/}{CC BY-SA 4.0}.}}, 
  title =	 {Illustration of definition of a convex function},
  shorttitle =	 {Convex function definition},
  year =	 {2020},
  url =
                  {Source: https://tex.stackexchange.com/questions/394923/how-one-can-draw-a-convex-function, Adaptation: https://github.com/open-optimization/open-optimization-or-book/tree/master/content/figures/figures-source/tikz/convexity-definition.tex},
  urldate =	 {2020-1-11},
  options =	 {skipbib=true},
}