% Metadata for all images in this folder, in biblatex format

@Online{wiki/File/William_Rowan_Hamilton_painting.jpg,
  author =	 {{See page for author [Public domain], via Wikimedia
                  Commons}},
  title =	 {Painting of Sir William Rowan Hamilton},
  shorttitle =	 {William Rowan Hamilton painting},
  year =	 {mid 19th century},
  url =
                  {https://commons.wikimedia.org/wiki/File:William_Rowan_Hamilton_painting.jpg},
  urldate =	 {2019-12-18},
  options =	 {skipbib=true},
}


@Online{simulated_annealing_temperatures.png,
  author =	 {{Robert Hildebrand}},
  title =	 {Temperatures and Probability of Acceptance in Simulated Annealing},
  shorttitle =	 {Simulated Annealing Temperatures},
  year =	 {2020},
%  url =
%                  {https://commons.wikimedia.org/wiki/File:William_Rowan_Hamilton_painting.jpg},
  %urldate =	 {2019-12-18},
  options =	 {skipbib=true},
}

@Online{wiki/File/knapsack,
  author =	 {{See page for author [CC BY-SA 2.5].}}, % Author = "Drake"
  title =	 {Image of backpack and four blocks with different weight and value.},
  shorttitle =	 {Knapsack Problem},
  year =	 {2007},
  url =
                  {https://en.wikipedia.org/wiki/Knapsack_problem#/media/File:Knapsack.svg},
  urldate =	 {2019-12-18},
  options =	 {skipbib=true},
}

@Online{wiki/File/2-opt_wiki,
  author =	 {{Pierre Selim [CC BY-SA 3.0].}}, % Author = "Drake"
  title =	 {2-opt.},
  shorttitle =	 {2-opt},
  year =	 {2009},
  url =
                  {https://en.wikipedia.org/wiki/2-opt#/media/File:2-opt_wiki.svg},
  urldate =	 {2020-10-12},
  options =	 {skipbib=true},
}



@Online{wiki/File/triangle_inequality.png,
  author =	 {{WhiteTimberwolf [CC BY-SA 3.0].}}, 
  title =	 {The triangle inequality: the sum of the lengths of two sides of a triangle exceeds the length of the third side.},
  shorttitle =	 {Triangle Inequality},
  year =	 {2013},
  url =
                  {https://commons.wikimedia.org/wiki/File:TriangleInequality.svg},
  urldate =	 {2020-1-11},
  options =	 {skipbib=true},
}

@Online{wiki/File/complexity-classes.png,
  author =	 {{Behnam Esfahbod [CC BY-SA 3.0].}}, 
  title =	 {Euler diagram for P, NP, NP-complete, and NP-hard set of problems. Under the assumption that P$\neq$NP, the existence of problems within NP but outside both P and NP-complete was established by Ladner.},
  shorttitle =	 {Triangle Inequality},
  year =	 {2007},
  url =
                  {https://commons.wikimedia.org/wiki/File:TriangleInequality.svg},
  urldate =	 {2020-1-11},
  options =	 {skipbib=true},
}

@Online{wiki/File/Big-O-notation.png,
  author =	 {{Fede Reghe [Public Domain].}}, 
  title =	 {Big-O Notation},
  shorttitle =	 {Big-O Notation},
  year =	 {2010},
  url =
                  {https://commons.wikimedia.org/wiki/File:Big-O-notation.png},
  urldate =	 {2020-1-11},
  options =	 {skipbib=true},
}

@Online{wiki/File/integer-programming.png,
  author =	 {{Fanosta  \href{https://creativecommons.org/licenses/by-sa/4.0/}{CC BY-SA 4.0}.}}, 
  title =	 {IP polytope with LP relaxation},
  shorttitle =	 {Big-O Notation},
  year =	 {2019},
  url =
                  {https://en.wikipedia.org/wiki/Integer_programming#/media/File:IP_polytope_with_LP_relaxation.svg},
  urldate =	 {2020-1-11},
  options =	 {skipbib=true},
}

@Online{wiki/File/linear-programming.png,
  author =	 {{Ylloh  \href{https://creativecommons.org/publicdomain/zero/1.0/deed.en/}{CC0}.}}, 
  title =	 {A pictorial representation of a simple linear program with two variables and six inequalities. The set of feasible solutions is depicted in yellow and forms a polygon, a 2-dimensional polytope. The linear cost function is represented by the red line and the arrow: The red line is a level set of the cost function, and the arrow indicates the direction in which we are optimizing.},
  shorttitle =	 {Linear Programming},
  year =	 {2012},
  url =
                  {https://en.wikipedia.org/wiki/Linear_programming#/media/File:Linear_optimization_in_a_2-dimensional_polytope.svg},
  urldate =	 {2020-1-11},
  options =	 {skipbib=true},
}


@Online{problem-class-diagram,
  author =	 {{Diego Moran  \href{https://creativecommons.org/publicdomain/zero/1.0/deed.en/}{CC0}.}}, 
  title =	 {Tree of optimization problems.},
  shorttitle =	 {Tree Diagram},
  year =	 {2017},
  options =	 {skipbib=true},
}


