@article{ahmad2017,
 author = {Ahmad, Jamil and Sajjad, Muhammad and Mehmood, Irfan and Baik, Sung Wook},
 journal = {PLoS ONE},
 number = {8},
 pages = {e0182886},
 publisher = {Public Library of Science},
 title = {Sinc: Saliency-injected neural codes for representation and efficient retrieval of medical radiographs},
 volume = {12},
 year = {2017}
}

@inproceedings{alilou2017,
 author = {Alilou, Mehdi and Orooji, Arman and Madabhushi, Anant},
 booktitle = {International Conference on Medical Image Computing and Computer-Assisted Intervention},
 organization = {Springer},
 pages = {647--655},
 title = {Intra-perinodular textural transition (ipris): a 3d descriptor for nodule diagnosis on lung ct},
 year = {2017}
}

@article{alom2018,
 author = {Alom, Md Zahangir and Hasan, Mahmudul and Yakopcic, Chris and Taha, Tarek M and Asari, Vijayan K},
 journal = {arXiv preprint arXiv:1802.06955},
 title = {Recurrent residual convolutional neural network based on u-net (r2u-net) for medical image segmentation},
 year = {2018}
}

@article{amos2020umls,
 author = {Amos, L and Anderson, D and Brody, S and Ripple, A and Humphreys, B L},
 doi = {10.1093/jamia/ocaa084},
 journal = {Journal of the American Medical Informatics Association},
 number = {10},
 pages = {1606--1611},
 title = {UMLS users and uses: A current overview},
 volume = {27},
 year = {2020}
}

@inproceedings{anavi2015,
 author = {Anavi, Yaron and Kogan, Ilan and Gelbart, Elad and Geva, Ofer and Greenspan, Hayit},
 booktitle = {2015 IEEE 12th International Symposium on Biomedical Imaging (ISBI)},
 organization = {IEEE},
 pages = {2940--2943},
 title = {A comparative study for chest radiograph image retrieval using binary texture and deep learning classification},
 year = {2015}
}

@inproceedings{anavi2016,
 author = {Anavi, Yaron and Kogan, Ilan and Gelbart, Elad and Geva, Ofer and Greenspan, Hayit},
 booktitle = {Medical Imaging 2016: Computer-Aided Diagnosis},
 organization = {International Society for Optics and Photonics},
 pages = {978510},
 title = {Visualizing and enhancing a deep learning framework using patients age and gender for chest x-ray image retrieval},
 volume = {9785},
 year = {2016}
}

@article{antropova2017,
 author = {Antropova, N and Huynh, BQ and Giger, ML},
 journal = {Medical Physics},
 number = {10},
 pages = {5162--5171},
 publisher = {Wiley Online Library},
 title = {A deep feature fusion methodology for breast cancer diagnosis demonstrated on three imaging modality datasets},
 volume = {44},
 year = {2017}
}

@article{aronson2010overview,
 author = {Aronson, Alan R and Lang, Fran{\c{c}}ois-Michel},
 doi = {10.1136/jamia.2009.002733},
 journal = {Journal of the American Medical Informatics Association},
 number = {3},
 pages = {229--236},
 title = {An overview of {MetaMap}: historical perspective and recent advances},
 volume = {17},
 year = {2010}
}

@article{bakalo2019,
 author = {Bakalo, Nataliia and Manziuk, Eduard and Chaban, Oleksandr and Bondar, Kostiantyn and Krak, Iurii},
 journal = {Applied Computer Systems},
 number = {2},
 pages = {107--113},
 title = {Prostate Cancer Classification Using Transfer Learning and Compound Ultrasound Images},
 volume = {24},
 year = {2019}
}

@article{bakas2018,
 author = {Bakas, Spyridon and Reyes, Mauricio and Jakab, Andras and Bauer, Stefan and Rempfler, Markus and Crimi, Alessandro and Shinohara, Russell T and Berger, Christoph and Bhalerao, Saumyadipta and Brbic, Mladen and others},
 journal = {arXiv preprint arXiv:1811.02629},
 title = {Identifying the best machine learning algorithms for brain tumor segmentation, progression assessment, and overall survival prediction in the BRATS challenge},
 year = {2018}
}

@article{bar2015,
 author = {Bar, Yaniv and Diamant, Idit and Wolf, Lior and Greenspan, Hayit},
 journal = {2015 IEEE 12th international symposium on biomedical imaging (ISBI)},
 pages = {294--297},
 title = {Chest pathology detection using deep learning with non-medical training},
 year = {2015}
}

@article{bernard2018,
 author = {Bernard, Olivier and Lalande, Alain and Zotti, Clement and Cervenansky, Frantisek and Yang, Xin and Heng, Pheng-Ann and Cetin, Islem and Lekadir, Karim and Camara, Oscar and Gonzalez Ballester, Miguel A and others},
 doi = {10.1109/TMI.2018.2837502},
 journal = {IEEE transactions on medical imaging},
 number = {11},
 pages = {2514--2525},
 publisher = {IEEE},
 title = {Deep learning techniques for automatic MRI cardiac multi-structures segmentation and diagnosis: Is the problem solved?},
 volume = {37},
 year = {2018}
}

@inproceedings{buty2016,
 author = {Buty, Morgan and Xu, Zheng and Gao, Mengdi and Gevaert, Olivier and Napel, Sandy},
 booktitle = {Medical Image Computing and Computer-Assisted Intervention--MICCAI 2016},
 organization = {Springer},
 pages = {662--670},
 title = {Characterization of lung nodule malignancy using hybrid shape and appearance features},
 year = {2016}
}

@inproceedings{cai2019,
 author = {Cai, Li and Wang, Kun and Peng, Han},
 booktitle = {2019 IEEE 8th Joint International Information Technology and Artificial Intelligence Conference (ITAIC)},
 pages = {1095--1100},
 title = {Classification of lung nodules in CT images based on combination of deep and handcrafted features},
 year = {2019}
}

@inproceedings{cao2018,
 author = {Cao, Huy Hoang and Bernard, S{\'e}bastien and Heutte, Laurent and Sabourin, Robert},
 booktitle = {International conference image analysis and recognition},
 organization = {Springer},
 pages = {779--787},
 title = {Improve the performance of transfer learning without fine-tuning using dissimilarity-based multi-view learning for breast cancer histology images},
 year = {2018}
}

@article{chaban2024approach,
 author = {Oleksandr Chaban and Eduard Manziuk},
 doi = {10.31891/2307-5732-2024-337-3-34},
 journal = {Visnyk Khmelnytskoho Natsionalnoho Universytetu. Seriia: Tekhnichni Nauky (Herald of Khmelnytskyi National University. Series: Engineering Sciences)},
 note = {This reference corresponds to the U-Net paper provided ({research_paper_2}). While the title in the PDF abstract differs slightly, the content aligns. The reference provided in the paper itself points to this journal publication.},
 number = {3(2)},
 pages = {231--236},
 title = {Метод інтегрування доменних знань у багатостратегічну класифікацію медичних зображень},
 volume = {337},
 year = {2024}
}

@inproceedings{chaban2024integrating,
 address = {Tallinn},
 author = {Chaban, Oleksandr},
 booktitle = {AI-Driven Transformation: Mapping the Course for Future Business Landscapes : Monograph},
 editor = {Prokopenko, Olha and Järvis, Marge},
 pages = {204--216},
 publisher = {Teadmus OÜ},
 title = {Integrating diagnostic models: A revolutionary approach in AI-driven healthcare},
 url = {https://conference.euas.eu/2023/wp-content/uploads/2024/03/Monograph2023.pdf},
 year = {2024}
}

@article{chao2020,
 author = {Chao, Jiewei and Munawar, Hafsa Shareef and Munir, Muhammad Usman},
 journal = {IEEE Access},
 pages = {186326--186336},
 title = {Glaucoma diagnosis using multimodal features fusion and ensemble learning},
 volume = {8},
 year = {2020}
}

@article{chen2016,
 author = {Chen, Hao and Dou, Qi and Wang, Xin and Qin, Jing and Heng, Pheng-Ann},
 journal = {IEEE Transactions on Medical Imaging},
 number = {5},
 pages = {1152--1165},
 title = {Deep learning for detecting cerebral microbleeds from MR images},
 volume = {35},
 year = {2016}
}

@article{chen2016a,
 author = {Chen, Siqi and Zhang, Ling and Wei, Lili and Cao, Xiaochun and Tian, Jie},
 journal = {IEEE transactions on medical imaging},
 number = {3},
 pages = {802--814},
 publisher = {IEEE},
 title = {Automatic scoring of multiple semantic attributes with multi-task feature leverage: A study on pulmonary nodules in ct images},
 volume = {36},
 year = {2016}
}

@inproceedings{chen2017enhanced,
 author = {Chen, Qian and Zhu, Xiaodan and Ling, Zhen-Hua and Inkpen, Diana and Si, Si},
 booktitle = {Proceedings of the 55th Annual Meeting of the Association for Computational Linguistics (Volume 1: Long Papers)},
 pages = {1657--1668},
 title = {Enhanced LSTM for natural language inference},
 url = {https://doi.org/10.18653/v1/P17-1152},
 year = {2017}
}

@article{chen2019a,
 author = {Chen, Chun-Hung and Chiu, Brian and Yang, Jun and Karl, William C and Lei, Tian},
 journal = {IEEE Transactions on Medical Imaging},
 number = {11},
 pages = {2635--2647},
 title = {Incorporating anatomical prior knowledge in deep learning for prostate segmentation in TRUS images},
 volume = {38},
 year = {2019}
}

@article{chen2023,
 author = {Chen, Shuo and Wu, Hongyang and Zhang, Han},
 journal = {IEEE Internet of Things Journal},
 number = {19},
 pages = {17272--17284},
 title = {Knowledge distillation-empowered digital twin for anomaly detection in 6G-enabled VANETs},
 volume = {10},
 year = {2023}
}

@article{ciompi2015,
 author = {Ciompi, Francesco and Chung, Kaman and Van Riel, Sarah J and Setio, Arnaud Arindra Adiyoso and Gerke, Peter K and Jacobs, Colin and Van Rikxoort, Eva M and Niemeijer, Meindert and Schaefer-Prokop, Cornelia and Van Ginneken, Bram and others},
 journal = {Medical image analysis},
 number = {1},
 pages = {195--202},
 publisher = {Elsevier},
 title = {Automatic classification of pulmonary perifissural nodules in computed tomography using an ensemble of 2D views and a convolutional neural network out-of-the-box},
 volume = {26},
 year = {2015}
}

@inproceedings{cui2020,
 author = {Cui, He and Xu, Yingjia and Li, Wenhui and Wang, Lifeng and Duh, Hakjae},
 booktitle = {International Conference on Medical Image Computing and Computer-Assisted Intervention},
 organization = {Springer},
 pages = {212--220},
 title = {Collaborative learning of cross-channel clinical attention for radiotherapy-related esophageal fistula prediction from ct},
 year = {2020}
}

@inproceedings{dar2018,
 author = {Dar, Salman UH and Yurt, Mert and Karacan, Levent and Erdem, Aykut and Erdem, Erkut and Cukur, Tolga},
 booktitle = {International Conference on Medical Image Computing and Computer-Assisted Intervention},
 pages = {716--724},
 title = {Image synthesis in multi-contrast MRI with conditional generative adversarial networks},
 year = {2018}
}

@article{debelee2019,
 author = {Debelee, Taye Girmay and Schwenker, Friedhelm and Ibenthal, Anteneh and Yohannes, Daniel},
 journal = {Evolving Systems},
 pages = {1--21},
 publisher = {Springer},
 title = {Survey of deep learning in breast cancer image analysis},
 year = {2019}
}

@article{dimartino2014,
 author = {Di Martino, Adriana and Yan, Chao-Gan and Li, Qingyang and Denio, Erich and Castellanos, F Xavier and Alaerts, Kaat and Anderson, Jeffrey S and Assaf, Michal and Bookheimer, Susan Y and Dapretto, Mirella and others},
 journal = {Molecular psychiatry},
 number = {6},
 pages = {659--667},
 publisher = {Nature Publishing Group},
 title = {The autism brain imaging data exchange: towards a large-scale evaluation of the intrinsic brain architecture in autism},
 volume = {19},
 year = {2014}
}

@article{elbatel2023,
 author = {Elbatel, Mohamed and Mart{\'\i}nez, Manuel and Li, Xiang},
 journal = {IEEE Transactions on Medical Imaging},
 publisher = {IEEE},
 title = {FoPro-KD: fourier prompted effective knowledge distillation for long-tailed medical image recognition},
 year = {2023}
}

@article{erickson2017,
 author = {Erickson, Bradley J and Korfiatis, Panagiotis and Akkus, Ziba and Kline, Timothy L},
 journal = {Radiographics},
 number = {2},
 pages = {505--515},
 publisher = {Radiological Society of North America},
 title = {Machine learning for medical imaging},
 volume = {37},
 year = {2017}
}

@article{esteva2017,
 author = {Esteva, Andre and Kuprel, Brett and Novoa, Roberto A and Ko, Justin and Swetter, Susan M and Blau, Helen M and Thrun, Sebastian},
 doi = {10.1038/nature21056},
 journal = {Nature},
 number = {7639},
 pages = {115--118},
 publisher = {Nature Publishing Group},
 title = {Dermatologist-level classification of skin cancer with deep neural networks},
 volume = {542},
 year = {2017}
}

@article{fan2023,
 author = {Fan, Chaofan and Su, Qing and Xiao, Zhibin and Su, Haibo and Hou, Angran and Luan, Bo},
 journal = {IEEE Access},
 publisher = {IEEE},
 title = {ViT-FRD: A vision transformer model for cardiac MRI image segmentation based on feature recombination distillation},
 year = {2023}
}

@inproceedings{fang2019,
 author = {Fang, Ling and Jin, Kunguang and Wang, Pheng Ann and Heng, Pheng-Ann},
 booktitle = {International Conference on Medical Image Computing and Computer-Assisted Intervention},
 pages = {491--499},
 title = {LACNN: Lesion attention {CNN} for retinal optical coherence tomography image classification},
 year = {2019}
}

@article{fang2024,
 author = {Fang, Yue and Yap, Poon-Tee and Lin, Weili and Zhu, Hongtu and Liu, Mingxia},
 journal = {Neural Networks},
 pages = {106230},
 publisher = {Elsevier},
 title = {Source-free unsupervised domain adaptation: A survey},
 volume = {169},
 year = {2024}
}

@article{feng2020,
 author = {Feng, Hai-Tao and Liu, Jun-Xuan and Nie, Feng-Ying and Chen, Yan and Ma, Jie},
 journal = {Magnetic Resonance Imaging},
 pages = {40--48},
 publisher = {Elsevier},
 title = {A knowledge-driven feature learning and integration method for breast cancer diagnosis on multi-sequence MRI},
 volume = {69},
 year = {2020}
}

@inproceedings{gajbhiye2021exbert,
 author = {Gajbhiye, Apoorva and Moubayed, Noura Al and Bradley, Steve},
 booktitle = {Lecture Notes in Computer Science},
 doi = {10.1007/978-3-030-86383-8_37},
 pages = {460--472},
 publisher = {Springer International Publishing},
 title = {ExBERT: An external knowledge enhanced {BERT} for natural language inference},
 year = {2021}
}

@inproceedings{ghafoorian2017,
 author = {Ghafoorian, Mohsen and Karssemeijer, Nico and Heskes, Tom and van Uden, Irene W M and de Leeuw, Frank-Erik and Prokop, Mathias and van Ginneken, Bram and Platel, Bram},
 booktitle = {International Conference on Medical Image Computing and Computer-Assisted Intervention},
 pages = {638--646},
 title = {Location sensitive deep convolutional neural networks for segmentation of white matter hyperintensities},
 year = {2017}
}

@article{gou2021,
 author = {Gou, Jianping and Yu, Baosheng and Maybank, Stephen J and Tao, Dacheng},
 journal = {International Journal of Computer Vision},
 number = {6},
 pages = {1789--1819},
 publisher = {Springer},
 title = {Knowledge distillation: A survey},
 volume = {129},
 year = {2021}
}

@inproceedings{guan2018,
 author = {Guan, Qing and Wang, Yaping and Ping, Bo and Li, Da and Murray, John and Siegel, Eliot and Wang, Zhiyong and Xue, Zhiyun},
 booktitle = {2018 IEEE 15th International Symposium on Biomedical Imaging (ISBI 2018)},
 pages = {440--443},
 title = {Diagnose like a radiologist: Attention guided convolutional neural network for thorax disease classification},
 year = {2018}
}

@article{guan2021,
 author = {Guan, Hu and Liu, Mingxia},
 journal = {IEEE Transactions on Biomedical Engineering},
 number = {3},
 pages = {1173--1185},
 publisher = {IEEE},
 title = {Domain adaptation for medical image analysis: a survey},
 volume = {69},
 year = {2021}
}

@inproceedings{guo2020,
 author = {Guo, Xiaoqiang and Yuan, Yaowei and Chen, Lei and Feng, Xuegong and Liu, Feifei},
 booktitle = {2020 IEEE International Conference on Bioinformatics and Biomedicine (BIBM)},
 pages = {1388--1392},
 title = {Interpretable deep learning for automatic diagnosis of 12-lead electrocardiogram},
 year = {2020}
}

@article{hagerty2019,
 author = {Hagerty, Emily and Stanley, Taylor and Fletcher, P Thomas and Whitaker, Ross T},
 journal = {Frontiers in neuroscience},
 pages = {1257},
 title = {Deep learning curriculum design for neonatal brain segmentation},
 volume = {13},
 year = {2019}
}

@article{halevy2009,
 author = {Halevy, Alon and Norvig, Peter and Pereira, Fernando},
 journal = {IEEE Intelligent Systems},
 number = {2},
 pages = {8--12},
 publisher = {IEEE},
 title = {The unreasonable effectiveness of data},
 volume = {24},
 year = {2009}
}

@inproceedings{han2020,
 author = {Han, Xu and Zhang, Lei and Wang, Lei and Wang, Lei and Chen, Siping and Liu, Hong and Liu, Tian},
 booktitle = {International Conference on Medical Image Computing and Computer-Assisted Intervention},
 organization = {Springer},
 pages = {141--149},
 title = {Deep doubly supervised transfer network for diagnosis of breast cancer with imbalanced ultrasound imaging modalities},
 year = {2020}
}

@article{havaei2017,
 author = {Havaei, Mohammad and Davy, Axel and Warde-Farley, David and Biard, Antoine and Courville, Aaron and Bengio, Yoshua and Pal, Chris and Jodoin, Pierre-Marc and Larochelle, Hugo},
 journal = {Medical image analysis},
 pages = {18--31},
 publisher = {Elsevier},
 title = {Brain tumor segmentation with deep neural networks},
 volume = {35},
 year = {2017}
}

@article{he2016,
 author = {He, Kaiming and Zhang, Xiangyu and Ren, Shaoqing and Sun, Jian},
 journal = {Proceedings of the IEEE conference on computer vision and pattern recognition},
 pages = {770--778},
 title = {Deep residual learning for image recognition},
 year = {2016}
}

@inproceedings{herlihy2021mednli,
 author = {Herlihy, Christine and Rudinger, Rachel},
 booktitle = {Proceedings of the 59th Annual Meeting of the Association for Computational Linguistics and the 11th International Joint Conference on Natural Language Processing (Volume 2: Short Papers)},
 pages = {1020--1027},
 title = {MedNLI Is Not Immune: Natural language inference artifacts in the clinical domain},
 url = {https://doi.org/10.18653/v1/2021.acl-short.129},
 year = {2021}
}

@article{hong2013,
 author = {Hong, Nuo and Wen, Aixin and Shen, Feichen and Sohn, Sunghwan and Wang, Yanshan and Liu, Hongfang and Jiang, Guoqian},
 journal = {BMC medical informatics and decision making},
 number = {S1},
 pages = {S3},
 title = {Improving clinical document classification with pooled unstructured and structured data from electronic health records},
 volume = {13},
 year = {2013}
}

@inproceedings{huang2017,
 author = {Huang, Gao and Liu, Zhuang and Van Der Maaten, Laurens and Weinberger, Kilian Q},
 booktitle = {Proceedings of the IEEE conference on computer vision and pattern recognition},
 pages = {4700--4708},
 title = {Densely connected convolutional networks},
 year = {2017}
}

@inproceedings{huang2018knowledge,
 author = {Huang, Zhiwen and Li, Bowei and Yin, Jiasheng},
 booktitle = {Proceedings of the 2nd International Conference on Innovation in Artificial Intelligence},
 doi = {10.1145/3194206.3194227},
 pages = {138--142},
 title = {Knowledge graph embedding via multiplicative interaction},
 year = {2018}
}

@article{huisman2021,
 author = {Huisman, Martijn and Mart{\'\i}n-Noguerol, Theo and Majumdar, Sharmila and Link, Thomas M and Kruger, Grzegorz and Ozhinsky, Eugene and Seo, Youngkyoo and Kretzschmar, Martin},
 journal = {Magnetic Resonance in Medicine},
 number = {4},
 pages = {1713--1730},
 title = {Deep meta learning in quantitative MRI},
 volume = {86},
 year = {2021}
}

@inproceedings{hussein2017,
 author = {Hussein, Sa{\"\i}d and Cao, Kunlin and Song, Qi and Bagci, Ulas},
 booktitle = {International conference information processing in medical imaging},
 organization = {Springer},
 pages = {249--260},
 title = {Risk stratification of lung nodules using 3D CNN-based multi-task learning},
 year = {2017}
}

@inproceedings{huynh2016,
 author = {Huynh, B Q and Li, H and Giger, M L},
 booktitle = {SPIE Medical Imaging},
 pages = {97851L},
 title = {Transfer learning for improving detection of mammographic lesions in udsmm},
 volume = {9785},
 year = {2016}
}

@inproceedings{jesson2017,
 author = {Jesson, Andrew and Schlegl, Thomas and Geras, Krzysztof J and Rios, Angelica and Pinaya, Walter HL and Langs, Georg and Valmaggia, Paolo and McGuire, Philip and Gee, James C and Glocker, Ben},
 booktitle = {Medical Image Computing and Computer Assisted Intervention--MICCAI 2017},
 organization = {Springer},
 pages = {639--646},
 title = {Cased: curriculum adaptive sampling for extreme data imbalance},
 year = {2017}
}

@inproceedings{jin2019probing,
 author = {Jin, Qiao and Dhingra, Bhuwan and Cohen, William W and Lu, Xinghua},
 booktitle = {Proceedings of the 3rd Workshop on Evaluating Vector Space Representations for NLP},
 pages = {82--89},
 title = {Probing biomedical embeddings from language models},
 url = {https://doi.org/10.18653/v1/W19-2011},
 year = {2019}
}

@inproceedings{jin2020,
 author = {Jin, Qi and Wu, Zhennan and Meng, Ziyun and Liu, Xiangcheng and Liu, Qiming and Xie, Lingxi and Chen, Guifeng and Tian, Jie},
 booktitle = {International Conference on Medical Image Computing and Computer-Assisted Intervention},
 pages = {138--147},
 title = {Curriculum learning for classification of proximal femur fractures},
 year = {2020}
}

@inproceedings{jing2017,
 author = {Jing, Baoyu and Li, Pengtao and Xie, Ping},
 booktitle = {International conference on medical image computing and computer-assisted intervention},
 pages = {427--435},
 title = {Automatic generation of clinically relevant captions for chest radiographs},
 year = {2017}
}

@inproceedings{johnson2021classical,
 author = {Johnson, Kyle P and Burns, Patrick J and Stewart, Joseph and Cook, Todd and Besnier, Clement and Mattingly, William J B},
 booktitle = {Proceedings of the 59th Annual Meeting of the Association for Computational Linguistics and the 11th International Joint Conference on Natural Language Processing: System Demonstrations},
 pages = {20--29},
 title = {The classical language toolkit: An {NLP} framework for pre-modern languages},
 url = {https://doi.org/10.18653/v1/2021.acl-demo.3},
 year = {2021}
}

@article{khatami2018,
 author = {Khatami, Amin and Babaie, Maral and Tizhoosh, Hamid R and Khosravi, Abbas},
 journal = {Expert Systems with Applications},
 pages = {224--233},
 publisher = {Elsevier},
 title = {A sequential search-space shrinking using CNN transfer learning and a radon projection pool for medical image retrieval},
 volume = {100},
 year = {2018}
}

@misc{khatib2024,
 archiveprefix = {arXiv},
 author = {Khatib, Heithem Afli and Bouamor, Houda and Mrissa, Michael and Hassan, Mohamad},
 doi = {10.48550/arXiv.2402.12608},
 eprint = {2402.12608},
 primaryclass = {cs.AI},
 title = {Patient-Centric Knowledge Graphs: A Survey of Current Methods, Challenges, and Applications},
 year = {2024}
}

@article{kim2019,
 author = {Kim, Ji Young and Lee, Ha Eun and Choi, Yun Hyeok and Lee, Sang Joon and Jeon, Jeong Soo},
 journal = {Scientific reports},
 number = {1},
 pages = {1--7},
 publisher = {Nature Publishing Group},
 title = {CNN-based diagnosis models for canine ulcerative keratitis},
 volume = {9},
 year = {2019}
}

@article{krizhevsky2012,
 author = {Krizhevsky, Alex and Sutskever, Ilya and Hinton, Geoffrey E},
 journal = {Advances in neural information processing systems},
 title = {Imagenet classification with deep convolutional neural networks},
 volume = {25},
 year = {2012}
}

@inproceedings{larrazabal2019,
 author = {Larrazabal, A J and Mart{\'\i}nez, C E and Ferrante, E},
 booktitle = {International Conference on Medical Image Computing and Computer-Assisted Intervention},
 organization = {Springer},
 pages = {585--593},
 title = {Anatomical priors for image segmentation via post-processing with denoising autoencoders},
 year = {2019}
}

@misc{lee2023,
 author = {Lee, Wooseok and Kim, Byungjai and Kim, Jae-Seung and Kim, Kyong Joon and Yun, Yeong-Gil and Lim, Jongwon and Nam, Yohan and Jeon, Jonghwan and Choi, Ji-wook and Kim, Hyunwoo and others},
 doi = {10.5281/zenodo.7833096},
 publisher = {Zenodo},
 title = {Low-dose Computed Tomography Perceptual Image Quality Assessment Grand Challenge Dataset (MICCAI 2023)},
 year = {2023}
}

@article{li2017,
 author = {Li, Xiang and Yang, Yunfan and Bian, Chao and Hu, Yanfei and Zhang, Mengxia and Wang, Shusen},
 journal = {BMC bioinformatics},
 number = {1},
 pages = {1--13},
 title = {Transfer learning based thyroid cancer diagnosis on histopathology images},
 volume = {18},
 year = {2017}
}

@inproceedings{li2018,
 author = {Li, Yuan and Wang, Xiaodan and Xu, Mingming and Li, Xi and Ni, Dong and You, Jane},
 booktitle = {Advances in Neural Information Processing Systems},
 pages = {1669--1678},
 title = {Hybrid retrieval-generation reinforced agent for medical image report generation},
 year = {2018}
}

@article{li2019,
 author = {Li, Xiaomeng and Hu, Xiaolin and Yu, Lequan and Zhu, Lei and Fu, Chi-Wing and Heng, Pheng-Ann},
 doi = {10.1109/TMI.2019.2951844},
 journal = {IEEE Transactions on Medical Imaging},
 number = {5},
 pages = {1483--1493},
 publisher = {IEEE},
 title = {Canet: cross-disease attention network for joint diabetic retinopathy and diabetic macular edema grading},
 volume = {39},
 year = {2019}
}

@inproceedings{li2019a,
 author = {Li, Feng and Nie, Dong and Wang, Xiaofan and Peng, Youping and Li, Cheng and Chen, Gang and Wu, Xiaohuan},
 booktitle = {Proceedings of the IEEE/CVF Conference on Computer Vision and Pattern Recognition},
 pages = {10746--10755},
 title = {Attention based glaucoma detection: A large-scale database and {CNN} model},
 year = {2019}
}

@inproceedings{li2019b,
 author = {Li, Christy Y and Liang, Xiaodan and Hu, Zhiting and Xing, Eric P},
 booktitle = {Proceedings of the AAAI Conference on Artificial Intelligence},
 number = {1},
 pages = {861--868},
 title = {Knowledge-driven Encode, Retrieve, Paraphrase for Medical Image Report Generation},
 volume = {33},
 year = {2019}
}

@inproceedings{li2019c,
 author = {Li, Zhe and Zhang, Suyu and Zhang, Jiechao and Huang, Kuan and Wang, Yixuan and Yu, Yirong},
 booktitle = {Medical Image Computing and Computer-Assisted Intervention--MICCAI 2019},
 organization = {Springer},
 pages = {13--21},
 title = {Mvp-net: Multi-view fpn with position-aware attention for deep universal lesion detection},
 year = {2019}
}

@inproceedings{li2020,
 author = {Li, Kang and Yu, Lequan and Wang, Shujun and Heng, Pheng-Ann},
 booktitle = {Proceedings of the AAAI Conference on Artificial Intelligence},
 number = {04},
 pages = {4417--4424},
 title = {Towards cross-modality medical image segmentation with online mutual knowledge distillation},
 volume = {34},
 year = {2020}
}

@inproceedings{li2023,
 author = {Li, Zixuan and Hu, Jian and Li, Weijian and Zhang, Jiang},
 booktitle = {2023 IEEE International Conference on Image Processing (ICIP)},
 pages = {1380--1384},
 title = {Unsupervised Source-Free Domain Adaptation for Medical Image Enhancement via Knowledge Distillation},
 year = {2023}
}

@inproceedings{liang2020,
 author = {Liang, Jiawen and Ding, Yifei and Lei, Baiying and Qin, Chen and Wang, Tianfu and Shen, Yanyan and Liu, Weifang and Dong, Hao},
 booktitle = {2020 42nd Annual International Conference of the IEEE Engineering in Medicine \& Biology Society (EMBC)},
 pages = {1972--1975},
 title = {Transfer Learning for Prostate Cancer Classification using B-mode Ultrasound Images},
 year = {2020}
}

@article{liao2019,
 author = {Liao, Xi and Li, Qing},
 journal = {Neurocomputing},
 pages = {159--170},
 title = {Multi-task deep learning for multi-modal classification of Alzheimer's disease},
 volume = {358},
 year = {2019}
}

@article{litjens2017,
 author = {Litjens, Geert and Kooi, Thijs and Bejnordi, Babak Ehteshami and Setio, Arnaud Arindra Adiyoso and Ciompi, Francesco and Ghafoorian, Mohsen and Van Der Laak, Jeroen Awm and Van Ginneken, Bram and S{\'a}nchez, Clara I},
 journal = {Medical image analysis},
 pages = {60--88},
 publisher = {Elsevier},
 title = {A survey on deep learning in medical image analysis},
 volume = {42},
 year = {2017}
}

@inproceedings{liu2018,
 author = {Liu, Junkai and Zhang, Menglin and Zhang, Siping and Zhang, Qinghua and Xie, Yaoqin and Xu, Ming},
 booktitle = {International Conference on Medical Image Computing and Computer-Assisted Intervention},
 organization = {Springer},
 pages = {868--875},
 title = {Integrate domain knowledge in training cnn for ultrasonography breast cancer diagnosis},
 year = {2018}
}

@inproceedings{liu2019,
 author = {Liu, Ruoyu and Liu, Tingting and Wang, Mingyue and Yin, Licha and Xie, Xiaoyan and Li, Anfeng},
 booktitle = {2019 IEEE International Ultrasonics Symposium (IUS)},
 pages = {837--840},
 title = {Diagnosing thyroid nodules using three-dimensional structural and functional ultrasound features},
 year = {2019}
}

@inproceedings{liu2019a,
 author = {Liu, Yuhang and Zhou, Zhen and Zhang, Suyu and Luo, Lin and Zhang, Qi and Zhang, Feng and Li, Xiaoqi and Wang, Yizhou and Yu, Yirong},
 booktitle = {International Conference on Medical Image Computing and Computer-Assisted Intervention},
 organization = {Springer},
 pages = {477--485},
 title = {From unilateral to bilateral learning: Detecting mammogram masses with contrasted bilateral network},
 year = {2019}
}

@article{liu2019b,
 author = {Liu, Guanxiong and Hsu, Tzu-Ming and Goel, Mrinal and Sagi, Satyananda and Duda, Kevin and Cliff, Richard and Coz, Daniel Jurafsky Dan and Probably, S},
 journal = {Machine Learning for Health (ML4H) Workshop at NeurIPS 2019},
 title = {Clinically accurate chest x-ray report generation},
 volume = {1},
 year = {2019}
}

@inproceedings{liu2020a,
 author = {Liu, Yuxing and Sun, Ruiguo and He, Yihui and Gao, Xuming and Yang, Wufan},
 booktitle = {2020 IEEE International Conference on Acoustics, Speech and Signal Processing (ICASSP)},
 pages = {1344--1348},
 title = {MommiNet: A multi-task learning network for lesion detection and classification in screening mammography},
 year = {2020}
}

@inproceedings{liu2022acpl,
 author = {Liu, Feng and Tian, Yongxin and Chen, Zhaoyu and Wu, Zong-Yuan and Tao, Qian and Shen, Dinggang and Chen, Chen},
 booktitle = {2022 IEEE/CVF Conference on Computer Vision and Pattern Recognition (CVPR)},
 doi = {10.1109/cvpr52688.2022.02004},
 pages = {20697--20706},
 title = {ACPL: Anti-curriculum pseudo-labelling for semi-supervised medical image classification},
 year = {2022}
}

@inproceedings{liu2023,
 author = {Liu, Mingze and Wu, Xiaoping and Song, Hong and Yang, Jie},
 booktitle = {International Conference on Medical Image Computing and Computer-Assisted Intervention},
 pages = {487--496},
 title = {A knowledge distillation based domain adaptation method for medical image segmentation},
 year = {2023}
}

@article{luo2020,
 author = {Luo, Xiaoxi and Zhang, Jianpeng and Xia, Yong},
 journal = {Neurocomputing},
 pages = {17--30},
 title = {Incorporating anatomical knowledge into deep learning for medical image analysis},
 volume = {417},
 year = {2020}
}

@inproceedings{maicas2018,
 author = {Maicas, Gabriel and Carneiro, Gustavo and Bradley, Andrew P},
 booktitle = {International Conference on Medical Image Computing and Computer-Assisted Intervention},
 pages = {388--396},
 title = {Training medical image analysis systems like experts},
 year = {2018}
}

@inproceedings{majtner2016,
 author = {Majtner, Tom{\'a}{\v{s}} and Yairi, Takehisa and Nakadai, Kazuhiro},
 booktitle = {German Conference on Pattern Recognition},
 pages = {168--177},
 title = {Combining deep learning and hand-crafted features for skin lesion classification},
 year = {2016}
}

@article{mendelson2013,
 author = {Mendelson, Ellen B and B{\"o}hm-V{\'e}lez, Marcela and Berg, Wendie A and Whitman, Gary J and Feldman, Mindy I and Madjar, Hedvig},
 journal = {ACR BI-RADS® Atlas, Breast Imaging Reporting and Data System},
 title = {ACR BI-RADS® Atlas, Breast Imaging Reporting and Data System},
 year = {2013}
}

@inproceedings{moradi2016,
 author = {Moradi, Moezedin and Guo, Yanlei and Al'Aref, Subhi J and Lu, Yi and Lee, Benjamin C and Forsberg, Daniel and Lee, Jessica and Wu, Fay Y and Min, James K and Wang, Jia},
 booktitle = {2016 IEEE 13th international symposium on biomedical imaging (ISBI)},
 organization = {IEEE},
 pages = {1418--1421},
 title = {A hybrid learning approach for semantic labeling of cardiac CT slices and recognition of body position},
 year = {2016}
}

@inproceedings{murthy2017,
 author = {Murthy, Vrindavan and Hou, Le and Samaras, Dimitris and Kurc, Tahsin M and Saltz, Joel H},
 booktitle = {2017 IEEE winter conference on applications of computer vision (WACV)},
 organization = {IEEE},
 pages = {834--841},
 title = {Center-focusing multi-task cnn with injected features for classification of glioma nuclear images},
 year = {2017}
}

@misc{nabavi2021,
 archiveprefix = {arXiv},
 author = {Nabavi, Seyedehsomayeh and Simchi, Hoda and Moghaddam, Mahdi Eftekhari and Frangi, Alejandro F and Abin, Andres Diaz},
 doi = {10.48550/arXiv.2112.06806},
 eprint = {2112.06806},
 primaryclass = {eess.IV},
 title = {Automatic Multi-Class Cardiovascular Magnetic Resonance Image Quality Assessment using Unsupervised Domain Adaptation in Spatial and Frequency Domains},
 year = {2021}
}

@misc{nabavi2024,
 archiveprefix = {arXiv},
 author = {Nabavi, Seyedehsomayeh and Hamedani, Khadijeh Aliabadi and Moghaddam, Mahdi Eftekhari and Abin, Andres Diaz and Frangi, Alejandro F},
 doi = {10.48550/arXiv.2403.11226},
 eprint = {2403.11226},
 primaryclass = {eess.IV},
 title = {Multiple Teachers-Meticulous Student: A Domain Adaptive Meta-Knowledge Distillation Model for Medical Image Classification},
 year = {2024}
}

@article{nachbar1994,
 author = {Nachbar, F and Stolz, W and Merkle, T and Cognetta, AB and Vogt, T and Landthaler, M and Bilek, P and Braun-Falco, O and Plewig, G},
 journal = {Journal of the American Academy of Dermatology},
 number = {4},
 pages = {551--559},
 publisher = {Elsevier},
 title = {The ABCD rule of dermatoscopy: high prospective value in the diagnosis of doubtful melanocytic skin lesions},
 volume = {30},
 year = {1994}
}

@article{narai2022,
 author = {N{\'a}rai, {\'A}d{\'a}m and Perlaki, Gabor and Orsi, Gergely and Nagy, Szilvia Alexandra and Kemenczky, P{\'e}ter and Farkas, P{\'e}ter and Kincses, Panna and Kocsis, Krisztina and Jakab, Ferenc and Zaitsev, Maxim and others},
 doi = {10.1038/s41597-022-01694-8},
 journal = {Scientific data},
 number = {1},
 pages = {630},
 publisher = {Nature Publishing Group UK London},
 title = {Movement-related artefacts (MR-ART) dataset of matched motion-corrupted and clean structural MRI brain scans},
 volume = {9},
 year = {2022}
}

@inproceedings{nguyen-meidine2021,
 author = {Nguyen-Meidine, Latif and Abdessalem, Wassim and Chazalon, Jonathan and Cherfaoui, Vincent and Bloch, Isabelle and Stanciulescu, Bogdan},
 booktitle = {Proceedings of the IEEE/CVF International Conference on Computer Vision Workshops},
 pages = {2626--2635},
 title = {On the effectiveness of knowledge distillation for domain adaptation},
 year = {2021}
}

@article{oksuz2019,
 author = {Oksuz, Ilkay and Clough, James and Ruijsink, Bram and Cruz, Eusebio Anton and Bustin, Aur{\'e}lien and Prieto, Claudia and Botnar, Ren{\'e} M and Rueckert, Daniel and Schnabel, Julia A and King, Andrew P},
 doi = {10.1016/j.media.2019.04.009},
 journal = {Medical Image Analysis},
 pages = {136--147},
 publisher = {Elsevier},
 title = {Automatic CNN-based detection of cardiac MR motion artefacts using k-space data augmentation and curriculum learning},
 volume = {55},
 year = {2019}
}

@inproceedings{oktay2018attention,
 author = {Oktay, Ozan and Schlemper, Jo and Folgoc, Loic Le and Lee, Matthew and Heinrich, Mattias and Misawa, Kazunari and Mori, Kensaku and McDonagh, Steven and Hammerla, Nils Y and Kainz, Bernhard and others},
 booktitle = {Medical Image Computing and Computer Assisted Intervention -- MICCAI 2018},
 doi = {10.1007/978-3-030-00934-2_13},
 pages = {25--33},
 publisher = {Springer International Publishing},
 title = {Attention {U-Net}: Learning where to look for the pancreas},
 year = {2018}
}

@article{pan2009,
 author = {Pan, Sinno Jialin and Yang, Qiang},
 journal = {IEEE Transactions on knowledge and data engineering},
 number = {10},
 pages = {1345--1359},
 publisher = {IEEE},
 title = {A survey on transfer learning},
 volume = {22},
 year = {2009}
}

@article{peters2018deep,
 author = {Peters, Matthew E and Neumann, Mark and Iyyer, Mohit and Gardner, Matt and Clark, Christopher and Lee, Kenton and Zettlemoyer, Luke},
 journal = {arXiv preprint arXiv:1802.05365},
 title = {Deep contextualized word representations},
 year = {2018}
}

@article{radiuk2020applying,
 author = {Radiuk, Pavlo},
 doi = {10.2478/acss-2020-0005},
 journal = {Applied Computer Systems},
 number = {1},
 pages = {43--50},
 title = {Applying 3{D} {U-Net} architecture to the task of multi-organ segmentation in computed tomography},
 volume = {25},
 year = {2020}
}

@inproceedings{radiuk2022human,
 author = {Radiuk, Pavlo and Kovalchuk, Olha and Slobodzian, Volodymyr and Manziuk, Eduard and Barmak, Oleksandr},
 booktitle = {Proceedings of the 5th International Conference on Informatics \& Data-Driven Medicine (IDDM 2022)},
 pages = {9--20},
 publisher = {CEUR-WS.org},
 title = {Human-in-the-loop approach based on {MRI} and {ECG} for healthcare diagnosis},
 volume = {3311},
 year = {2022}
}

@article{rajpurkar2017,
 author = {Rajpurkar, Pranav and Irvin, Jeremy and Joshi, Aarti and Bagul, Ashutosh and Deng, Daisy and Gupta, Aneesh and Langlotz, Curtis and Patel, Bhavik N and Lungren, Matthew P and Ng, Andrew Y},
 journal = {arXiv preprint arXiv:1712.06957},
 title = {Mura: Large dataset for abnormality detection in musculoskeletal radiographs},
 year = {2017}
}

@article{raymundo-pereira2022wearable,
 author = {Raymundo-Pereira, P A and Gomes, N O and Machado, S A S and Oliveira, O N},
 doi = {10.1016/j.cej.2022.135047},
 journal = {Chemical Engineering Journal},
 pages = {135047},
 title = {Wearable glove-embedded sensors for therapeutic drug monitoring in sweat for personalized medicine},
 volume = {435},
 year = {2022}
}

@inproceedings{redmon2016,
 author = {Redmon, Joseph and Divvala, Santosh and Girshick, Ross and Farhadi, Ali},
 booktitle = {Proceedings of the IEEE conference on computer vision and pattern recognition},
 pages = {779--788},
 title = {You only look once: Unified, real-time object detection},
 year = {2016}
}

@misc{ren2015,
 archiveprefix = {arXiv},
 author = {Ren, Shaoqing and He, Kaiming and Girshick, Ross and Sun, Jian},
 eprint = {1506.01497},
 primaryclass = {cs.CV},
 title = {Faster r-cnn: Towards real-time object detection with region proposal networks},
 year = {2015}
}

@article{ren2022,
 author = {Ren, Chuang-Xing and Liu, You-Hong and Zhang, Xiao-Wei and Huang, Ke-Ke},
 journal = {IEEE Transactions on Image Processing},
 pages = {2122--2135},
 publisher = {IEEE},
 title = {Multi-source unsupervised domain adaptation via pseudo target domain},
 volume = {31},
 year = {2022}
}

@inproceedings{rezaei2019,
 author = {Rezaei, Sara and Emami, Alireza and Zarrabi, Hamidreza and Rafiei, Somayyeh and Najarian, Kayvan and Karimi, Nassir and Samavi, Shadrokh and Soroushmehr, SMR},
 booktitle = {2019 41st Annual International Conference of the IEEE Engineering in Medicine and Biology Society (EMBC)},
 organization = {IEEE},
 pages = {1031--1034},
 title = {Gland segmentation in histopathology images using deep networks and handcrafted features},
 year = {2019}
}

@inproceedings{romanov2018lessons,
 author = {Romanov, Alexey and Shivade, Chaitanya},
 booktitle = {Proceedings of the 2018 Conference on Empirical Methods in Natural Language Processing},
 pages = {1586--1596},
 title = {Lessons from natural language inference in the clinical domain},
 url = {https://doi.org/10.18653/v1/D18-1187},
 year = {2018}
}

@inproceedings{ronneberger2015u,
 author = {Ronneberger, Olaf and Fischer, Philipp and Brox, Thomas},
 booktitle = {Medical Image Computing and Computer-Assisted Intervention--MICCAI 2015},
 doi = {10.1007/978-3-319-24574-4_28},
 pages = {234--241},
 publisher = {Springer International Publishing},
 title = {U-net: Convolutional networks for biomedical image segmentation},
 year = {2015}
}

@article{samala2017,
 author = {Samala, Ravi K and Chan, Heang-Ping and Hadjiiski, Lubomir and Helvie, Mark A and Wei, Jun and Cha, Kenny},
 journal = {Physics in Medicine \& Biology},
 number = {23},
 pages = {8894},
 publisher = {IOP Publishing},
 title = {Multi-task transfer learning deep convolutional neural network: application to computer-aided diagnosis of breast cancer on mammograms},
 volume = {62},
 year = {2017}
}

@inproceedings{samala2018,
 author = {Samala, Ravi K and Chan, Heang-Ping and Hadjiiski, Lubomir and Helvie, Mark A and Cha, Kenny H},
 booktitle = {Medical Imaging 2018: Computer-Aided Diagnosis},
 pages = {105750E},
 title = {Transfer learning with deep convolutional neural network for computer-aided detection of masses in digital breast tomosynthesis},
 volume = {10575},
 year = {2018}
}

@inproceedings{schlegl2017,
 author = {Schlegl, Thomas and Seeb{\"o}ck, Philipp and Waldstein, Sebastian M and Schmidt-Erfurth, Ursula and Langs, Georg},
 booktitle = {International conference on information processing in medical imaging},
 organization = {Springer},
 pages = {146--157},
 title = {Unsupervised anomaly detection with generative adversarial networks to guide marker discovery},
 year = {2017}
}

@article{sengupta2024leveraging,
 author = {Sengupta, S and Heaton, C and Mitra, P and Sarkar, S},
 doi = {10.48550/arXiv.2401.07977},
 journal = {arXiv preprint arXiv:2401.07977},
 title = {Leveraging external knowledge resources to enable domain-specific comprehension},
 year = {2024}
}

@article{setio2017,
 author = {Setio, Arnaud Arindra Adiyoso and Traverso, Alberto and De Bel, Thomas and Berens, Moira SN and Van Den Bogaard, Cas and Cerello, Piergiorgio and Chen, Hao and Dou, Qi and Fantacci, Maria Evelina and Geurts, Bram and others},
 journal = {Medical image analysis},
 pages = {1--13},
 publisher = {Elsevier},
 title = {Validation, comparison, and combination of algorithms for automatic detection of pulmonary nodules in computed tomography images: The LUNA16 challenge},
 volume = {42},
 year = {2017}
}

@inproceedings{sharma2019incorporating,
 author = {Sharma, S and Santra, B and Jana, A and Tokala, S and Ganguly, N and Goyal, P},
 booktitle = {Proceedings of the 2019 Conference on Empirical Methods in Natural Language Processing and the 9th International Joint Conference on Natural Language Processing (EMNLP-IJCNLP)},
 pages = {6092--6097},
 title = {Incorporating domain knowledge into medical {NLI} using knowledge graphs},
 url = {https://doi.org/10.18653/v1/D19-1631},
 year = {2019}
}

@inproceedings{shin2019,
 author = {Shin, Soo-Kyun and Lee, Eunji and Lee, Jong-Hwan and Cho, Young-Jin and Kweon, In So},
 booktitle = {2019 41st Annual International Conference of the IEEE Engineering in Medicine and Biology Society (EMBC)},
 pages = {5211--5214},
 title = {Reducing model complexity for deep learning based chest X-ray diagnosis},
 year = {2019}
}

@misc{simonyan2014,
 archiveprefix = {arXiv},
 author = {Simonyan, Karen and Zisserman, Andrew},
 eprint = {1409.1556},
 primaryclass = {cs.CV},
 title = {Very deep convolutional networks for large-scale image recognition},
 year = {2014}
}

@misc{smith2022,
 archiveprefix = {arXiv},
 author = {Smith, Gail and Zhang, Qi and MacLellan, Clara},
 doi = {10.48550/arXiv.2205.12159},
 eprint = {2205.12159},
 primaryclass = {cs.CV},
 title = {Do it Like the Doctor: How We Can Design a Model That Uses Domain Knowledge to Diagnose Pneumothorax},
 year = {2022}
}

@article{swati2019,
 author = {Swati, Sanya and Zhao, Zhuo Nan Kevin and Kabir, Mohsin and Ali, Farman and Ali, Zulfiqar and Ahmed, Sagheer and Lu, Jiaming},
 journal = {IEEE Access},
 pages = {17809--17822},
 publisher = {IEEE},
 title = {Content-based brain tumor retrieval for MR images using transfer learning},
 volume = {7},
 year = {2019}
}

@inproceedings{szegedy2015,
 author = {Szegedy, Christian and Liu, Wei and Jia, Yangqing and Sermanet, Pierre and Reed, Scott and Anguelov, Dragomir and Erhan, Dumitru and Vanhoucke, Vincent and Rabinovich, Andrew},
 booktitle = {Proceedings of the IEEE conference on computer vision and pattern recognition},
 pages = {1--9},
 title = {Going deeper with convolutions},
 year = {2015}
}

@inproceedings{tan2018,
 author = {Tan, Byeonghu and Kim, Hoirin and Choi, Jeongwoo},
 booktitle = {Proceedings of the AAAI conference on artificial intelligence},
 number = {1},
 title = {Knowledge distillation with adversarial samples supporting decision boundary},
 volume = {32},
 year = {2018}
}

@article{tan2024,
 author = {Tan, Ruijie and Gao, Yuan and Wang, Zexin and Li, Qilong},
 journal = {IEEE Transactions on Multimedia},
 title = {Contrastive Mean-Teacher Learning with Attention Mask Alignment for Medical Image Classification},
 year = {2024}
}

@inproceedings{tang2018,
 author = {Tang, Yuxing and Wang, Xin and Harrison, Adam P and Lu, Le and Xiao, Jing and Summers, Ronald M},
 booktitle = {International Workshop on Machine Learning in Medical Imaging},
 organization = {Springer},
 pages = {249--258},
 title = {Attention-guided curriculum learning for weakly supervised classification and localization of thoracic diseases on chest radiographs},
 year = {2018}
}

@article{termritthikun2023,
 author = {Termritthikun, Chollette and Umer, Adeel and Suwanwimolkul, Sirikarn and Xia, Fang and Lee, Insung},
 journal = {IEEE/ACM Transactions on Computational Biology and Bioinformatics},
 publisher = {IEEE},
 title = {Explainable knowledge distillation for on-device chest x-ray classification},
 year = {2023}
}

@inproceedings{wang2017a,
 author = {Wang, Xiaosong and Peng, Yifan and Lu, Le and Lu, Zhiyong and Bagheri, Mohammadhadi and Summers, Ronald M},
 booktitle = {Proceedings of the IEEE conference on computer vision and pattern recognition},
 pages = {2097--2106},
 title = {Chestx-ray14: Hospital-scale chest x-ray database and benchmarks on weakly-supervised classification and localization of common thorax diseases},
 year = {2017}
}

@inproceedings{wang2017b,
 author = {Wang, Xiaosong and Peng, Yifan and Lu, Le and Lu, Zhiyong and Bagheri, Mohammadhadi and Summers, Ronald M},
 booktitle = {Proceedings of the IEEE conference on computer vision and pattern recognition},
 pages = {2097--2106},
 title = {Chestx-ray8: Hospital-scale chest x-ray database and benchmarks on weakly-supervised classification and localization of common thorax diseases},
 year = {2017}
}

@article{wang2018,
 author = {Wang, Xiaosong and Peng, Yifan and Lu, Le and Lu, Zhiyong and Summers, Ronald M},
 journal = {Proceedings of the IEEE conference on computer vision and pattern recognition},
 pages = {9049--9058},
 title = {TieNet: Text-image embedding network for common thorax disease classification and reporting in chest x-rays},
 year = {2018}
}

@article{wang2020a,
 author = {Wang, Kun and Zhang, Xin and Huang, Shuai and Chen, Fei and Zhang, Xin and Huangfu, Ling},
 journal = {IEEE Access},
 pages = {159790--159805},
 publisher = {IEEE},
 title = {Learning to recognize thoracic disease in chest x-rays with knowledge-guided deep zoom neural networks},
 volume = {8},
 year = {2020}
}

@article{wang2020b,
 author = {Wang, Yaqing and Yao, Quanming and Kwok, James T and Ni, Lionel M},
 journal = {ACM computing surveys (csur)},
 number = {3},
 pages = {1--34},
 publisher = {ACM New York, NY, USA},
 title = {Generalizing from a few examples: A survey on few-shot learning},
 volume = {53},
 year = {2020}
}

@misc{wang2022,
 archiveprefix = {arXiv},
 author = {Wang, Shuo and Wang, Chengyan and Jia, Sen and Xiao, Xinyi and Zhang, Chen and Chen, Haoran and Wang, Yikang and Luo, Guangbin and Zhang, Yan and Jia, Xue and others},
 doi = {10.48550/arXiv.2210.06385},
 eprint = {2210.06385},
 primaryclass = {eess.IV},
 title = {The Extreme Cardiac MRI Analysis Challenge under Respiratory Motion (CMRxMotion)},
 year = {2022}
}

@inproceedings{wang2023a,
 author = {Wang, Xiaoman and Li, Zhuotun and Luo, Xinyu and Wan, Jiajin and Zhu, Jiangpeng and Yang, Zhen and Yang, Ming and Xu, Can},
 booktitle = {International Conference on Medical Image Computing and Computer-Assisted Intervention},
 organization = {Springer Nature Switzerland},
 pages = {207--217},
 title = {Black-box Domain Adaptative Cell Segmentation via Multi-source Distillation},
 year = {2023}
}

@article{wang2024,
 author = {Wang, Chengyan and Guo, Rui and Zhang, Yan and Li, Xinzhou and Jia, Sen and Xiao, Xinyi and Chen, Zhuo and Yang, Yafeng and Chen, Siyi and Feng, Yanjie and others},
 doi = {10.1038/s41597-024-03525-4},
 journal = {Scientific Data},
 number = {1},
 pages = {687},
 publisher = {Nature Publishing Group UK London},
 title = {CMRxRecon: A publicly available k-space dataset and benchmark to advance deep learning for cardiac MRI},
 volume = {11},
 year = {2024}
}

@article{weiner2017,
 author = {Weiner, Michael W and Veitch, Dallas P and Aisen, Paul S and Beckett, Laurel A and Cairns, Nigel J and Green, Robert C and Harvey, Danielle and Jack, Clifford R and Jagust, William and Morris, John C and others},
 doi = {10.1016/j.jalz.2016.10.006},
 journal = {Alzheimer's \& Dementia},
 number = {5},
 pages = {561--571},
 publisher = {Elsevier},
 title = {The Alzheimer's Disease Neuroimaging Initiative 3: Continued innovation for clinical trial improvement},
 volume = {13},
 year = {2017}
}

@inproceedings{wimmer2016,
 author = {Wimmer, Georg and Hegenbart, Sebastian and Vecsei, Andreas and Uhl, Andreas},
 booktitle = {International Workshop on Computer-Assisted and Robotic Endoscopy},
 organization = {Springer},
 pages = {104--113},
 title = {Convolutional neural network architectures for the automated diagnosis of celiac disease},
 year = {2016}
}

@inproceedings{wu2018,
 author = {Wu, Huijun and Xu, Can and Xue, Zhiyun and You, Jane},
 booktitle = {2018 24th International Conference on Pattern Recognition (ICPR)},
 pages = {3244--3249},
 title = {Joint classification and segmentation of breast lesions using generative adversarial network with multi-task discriminative learning},
 year = {2018}
}

@article{wu2019,
 author = {Wu, Nan and Phang, Jason and Park, Jungkyu and Shen, Yiqiu and Huang, Zhe and Zorin, Masha and Jastrzebski, Stanislaw and Fevry, Thibault and Kats, Joe and Knowlton, Edward and others},
 doi = {10.1109/TMI.2019.2945514},
 journal = {IEEE transactions on medical imaging},
 number = {4},
 pages = {1184--1194},
 publisher = {IEEE},
 title = {Deep neural networks improve radiologists performance in breast cancer screening},
 volume = {39},
 year = {2019}
}

@article{xia2020,
 author = {Xia, Tian and Li, Fei and Yu, Jingmin},
 journal = {Frontiers in Oncology},
 pages = {525326},
 publisher = {Frontiers Media SA},
 title = {Comparison and fusion of deep learning and radiomics features of ground-glass nodules to predict the invasiveness risk of stage-i lung adenocarcinomas in CT scan},
 volume = {10},
 year = {2020}
}

@article{xiao2020,
 author = {Xiao, Xiaojun and Ji, Chuanfa and Mudiyanselage, Thilini B and Pan, Yan},
 journal = {arXiv preprint arXiv:2009.11892},
 title = {Pk-GCN: Prior knowledge assisted image classification using graph convolution networks},
 year = {2020}
}

@article{xie2018,
 author = {Xie, Yutong and Zhang, Jun and Xia, Yong and Fulham, Michael and Zhang, Yang},
 journal = {Information Fusion},
 pages = {102--110},
 publisher = {Elsevier},
 title = {Fusing texture, shape and deep model-learned information at decision level for automated classification of lung nodules on chest CT},
 volume = {42},
 year = {2018}
}

@article{xie2019,
 author = {Xie, Yutong and Zhang, Jianpeng and Xia, Yong and Shen, Chunhua},
 journal = {IEEE transactions on medical imaging},
 number = {5},
 pages = {1237--1250},
 title = {Multi-view knowledge-based collaborative deep model for lung nodule classification},
 volume = {38},
 year = {2019}
}

@article{xie2021,
 author = {Xie, X. and Niu, J. and Liu, X. and Chen, Z. and Tang, S. and Yu, S.},
 doi = {10.1016/j.media.2021.101985},
 journal = {Medical Image Analysis},
 pages = {101985},
 publisher = {Elsevier},
 title = {A survey on incorporating domain knowledge into deep learning for medical image analysis},
 volume = {69},
 year = {2021}
}

@article{xie2021a,
 author = {Xie, Xiangrong and Niu, Jiamin and Liu, Xue and others},
 journal = {Medical Image Analysis},
 pages = {101985},
 publisher = {Elsevier},
 title = {Dg-CNN: introducing margin information into CNN for breast cancer diagnosis in ultrasound images},
 volume = {69},
 year = {2021}
}

@article{xu2024incorporating,
 author = {Xu, X and Zhao, L and Li, J and Li, L},
 doi = {10.1016/j.eswa.2023.122671},
 journal = {Expert Systems With Applications},
 pages = {122671},
 title = {Incorporating medical domain knowledge into data-driven method: A vessel attention guided multi-granularity network for automatic cataract classification},
 volume = {241},
 year = {2024}
}

@article{yan2018,
 author = {Yan, Ke and Wang, Xiaosong and Lu, Le and Summers, Ronald M},
 journal = {Journal of Medical Imaging},
 number = {3},
 pages = {036501},
 publisher = {International Society for Optics and Photonics},
 title = {DeepLesion: automated mining of large-scale lesion annotations and universal lesion detection with deep learning},
 volume = {5},
 year = {2018}
}

@article{yang2017,
 author = {Yang, Guang and Yu, Simiao and Dong, Hao and Slabaugh, Gregory and Dragotti, Pier Luigi and Ye, Xujiong and Liu, Fangde and Arridge, Simon and Keegan, Jennifer and Guo, Yike and others},
 journal = {IEEE transactions on medical imaging},
 number = {6},
 pages = {1310--1321},
 title = {DAGAN: Deep de-aliasing generative adversarial networks for fast compressed sensing MRI reconstruction},
 volume = {37},
 year = {2017}
}

@inproceedings{yang2019,
 author = {Yang, Lingling and Chen, Yanping and Li, Rui and Zhang, Yanlin and He, Xiaohai and Xie, Guotong},
 booktitle = {International Conference on Medical Image Computing and Computer-Assisted Intervention},
 pages = {298--306},
 title = {Dual-path semi-supervised conditional generative adversarial networks for thyroid nodule classification},
 year = {2019}
}

@inproceedings{yang2020,
 author = {Yang, Zhen and Chen, Luyang and Xu, Yan},
 booktitle = {International Conference on Medical Image Computing and Computer-Assisted Intervention},
 organization = {Springer},
 pages = {200--210},
 title = {Momminet: mammographic multi-view mass identification networks},
 year = {2020}
}

@article{yap2018,
 author = {Yap, M H and Hassan, M A and Yazid, H and Mir, N and Ramli, N},
 journal = {IET Computer Vision},
 number = {8},
 pages = {1110--1116},
 title = {Automated brain tumor segmentation and feature selection using transfer learning and recursive feature elimination approach},
 volume = {12},
 year = {2018}
}

@inproceedings{yedder2019,
 author = {Yedder, Haydar and Rehman, Mohsin UR and Oh, Seul-I and Kim, Yong-An and Yoo, Yang-Keun},
 booktitle = {Optics Express},
 number = {16},
 pages = {22938--22954},
 title = {Fuzzy Jaccard loss based deep learning framework for limited angle and limited source diffuse optical tomography},
 volume = {27},
 year = {2019}
}

@article{yosinski2014,
 author = {Yosinski, Jason and Clune, Jeff and Bengio, Yoshua and Lipson, Hod},
 journal = {Advances in neural information processing systems},
 title = {How transferable are features in deep neural networks?},
 volume = {27},
 year = {2014}
}

@article{you2023,
 author = {You, Cheng and Gong, Chunfeng and Li, Rongyao and Li, Jian and Zhang, Xian},
 journal = {arXiv preprint arXiv:2311.11820},
 title = {Denoising Diffusion Probabilistic Models based Knowledge Distillation for Medical Image Segmentation},
 year = {2023}
}

@inproceedings{yu2020,
 author = {Yu, Mengwei and Ma, Ke and Chen, Hao and Shi, Fukai and Lu, Le and Heng, Pheng-Ann},
 booktitle = {International Conference on Medical Image Computing and Computer-Assisted Intervention},
 pages = {577--586},
 title = {Incorporating physicians' priors for ambiguity resolution in glaucoma diagnosis},
 year = {2020}
}

@inproceedings{zeghdaoui2021medical,
 author = {Zeghdaoui, M W and Boussaid, O and Bentayeb, F and Joly, F},
 booktitle = {Lecture Notes in Computer Science},
 doi = {10.1007/978-3-030-86472-9_15},
 pages = {155--167},
 publisher = {Springer International Publishing},
 title = {Medical-Based text classification using FastText features and {CNN-LSTM} model},
 year = {2021}
}

@article{zhai2023,
 author = {Zhai, Sheng and Wang, Guotai and Luo, Xiangde and Yue, Qi and Li, Kang and Zhang, Shaoting},
 journal = {IEEE Transactions on Medical Imaging},
 publisher = {IEEE},
 title = {PA-seg: learning from point annotations for 3D medical image segmentation using contextual regularization and cross knowledge distillation},
 year = {2023}
}

@inproceedings{zhang2017,
 author = {Zhang, Zizhao and Xie, Yanyu and Lin, Fuyong and Shen, Chunhua and Hengel, Anton van den},
 booktitle = {Proceedings of the IEEE conference on computer vision and pattern recognition},
 pages = {6971--6980},
 title = {Mdnet: A semantically and visually interpretable medical image diagnosis network},
 year = {2017}
}

@inproceedings{zhang2018,
 author = {Zhang, Zizhao and Yang, Lin and Zheng, Yefeng},
 booktitle = {Proceedings of the IEEE conference on computer vision and pattern recognition},
 pages = {9242--9251},
 title = {Translating and segmenting multimodal medical volumes with cycle-and shape-consistency generative adversarial network},
 year = {2018}
}

@article{zhang2020,
 author = {Zhang, Bokai and Halpern, Allan C and Zaitsu, Yasuhiro and El Schbear, Adla and McLaughlin, James and Ho, Ken and Marchetti, Michael A and Zhang, Zhe and Lui, Harvey and Wang, Simon},
 journal = {IEEE transactions on medical imaging},
 number = {11},
 pages = {3639--3650},
 publisher = {IEEE},
 title = {Short-term lesion change detection for melanoma screening with novel siamese neural network},
 volume = {39},
 year = {2020}
}

@misc{zhang2020a,
 archiveprefix = {arXiv},
 author = {Zhang, Yixiao and Wang, Xiaosong and Xu, Ziyue and Yu, Qihang and Yuille, Alan and Xu, Daguang},
 eprint = {2002.08277},
 primaryclass = {cs.CV},
 title = {When radiology report generation meets knowledge graph},
 year = {2020}
}

@inproceedings{zhang2023a,
 author = {Zhang, Feng and Li, Siyuan and Wei, Tongling and Lin, Lin and Huang, Yuncheng and Cheng, Peiyu and Tang, Xi},
 booktitle = {International Workshop on Machine Learning in Medical Imaging},
 organization = {Springer Nature Switzerland},
 pages = {301--311},
 title = {MEDKD: Enhancing Medical Image Classification with Multiple Expert Decoupled Knowledge Distillation for Long-Tail Data},
 year = {2023}
}

@inproceedings{zhao2020,
 author = {Zhao, Ruofan and Chen, Xiayu and Chen, Zifei and Li, Shaohua},
 booktitle = {European Conference on Computer Vision},
 organization = {Springer},
 pages = {190--205},
 title = {Egdcl: An adaptive curriculum learning framework for unbiased glaucoma diagnosis},
 year = {2020}
}

@article{zheng2019,
 author = {Zheng, Hui and Yang, Guang and Yang, Jian and Zhang, Qiang and Wang, Xiuying},
 journal = {Journal of Healthcare Engineering},
 pages = {9863291},
 title = {Deep learning for computed tomography in medical imaging: A review},
 volume = {2019},
 year = {2019}
}

@inproceedings{zhu2018,
 author = {Zhu, Wentao and Liu, Chao and Fan, Wei and Xie, Xiaohui},
 booktitle = {2018 IEEE Winter Conference on Applications of Computer Vision (WACV)},
 organization = {IEEE},
 pages = {673--681},
 title = {Deeplung: Deep 3D dual path nets for automated pulmonary nodule detection and classification},
 year = {2018}
}
