@article{esteva2017,
  title={Dermatologist-level classification of skin cancer with deep neural networks},
  author={Esteva, Andre and Kuprel, Brett and Novoa, Roberto A and Ko, Justin and Swetter, Susan M and Blau, Helen M and Thrun, Sebastian},
  journal={Nature},
  volume={542},
  number={7639},
  pages={115--118},
  year={2017},
  publisher={Nature Publishing Group},
  doi={10.1038/nature21056}
}

@misc{simonyan2014,
  title={Very deep convolutional networks for large-scale image recognition},
  author={Simonyan, Karen and Zisserman, Andrew},
  year={2014},
  eprint={1409.1556},
  archivePrefix={arXiv},
  primaryClass={cs.CV}
}

@inproceedings{zheng2019,
  title={Semi-supervised segmentation of liver using adversarial learning with deep atlas prior},
  author={Zheng, Huali and Zheng, Yefeng and Zhao, Jianfeng and Yang, Shunjie and Chen, Jun},
  booktitle={Medical Image Computing and Computer Assisted Intervention--MICCAI 2019},
  pages={148--156},
  year={2019},
  organization={Springer}
}

@inproceedings{zhu2018,
  title={Deeplung: Deep 3D dual path nets for automated pulmonary nodule detection and classification},
  author={Zhu, Wentao and Liu, Chao and Fan, Wei and Xie, Xiaohui},
  booktitle={2018 IEEE Winter Conference on Applications of Computer Vision (WACV)},
  pages={673--681},
  year={2018},
  organization={IEEE}
}

@article{halevy2009,
  title={The unreasonable effectiveness of data},
  author={Halevy, Alon and Norvig, Peter and Pereira, Fernando},
  journal={IEEE Intelligent Systems},
  volume={24},
  number={2},
  pages={8--12},
  year={2009},
  publisher={IEEE}
}

@article{bernard2018,
  title={Deep learning techniques for automatic MRI cardiac multi-structures segmentation and diagnosis: Is the problem solved?},
  author={Bernard, Olivier and Lalande, Alain and Zotti, Clement and Cervenansky, Frantisek and Yang, Xin and Heng, Pheng-Ann and Cetin, Islem and Lekadir, Karim and Camara, Oscar and Gonzalez Ballester, Miguel A and others},
  journal={IEEE transactions on medical imaging},
  volume={37},
  number={11},
  pages={2514--2525},
  year={2018},
  publisher={IEEE},
  doi={10.1109/TMI.2018.2837502}
}

@article{dimartino2014,
  title={The autism brain imaging data exchange: towards a large-scale evaluation of the intrinsic brain architecture in autism},
  author={Di Martino, Adriana and Yan, Chao-Gan and Li, Qingyang and Denio, Erich and Castellanos, F Xavier and Alaerts, Kaat and Anderson, Jeffrey S and Assaf, Michal and Bookheimer, Susan Y and Dapretto, Mirella and others},
  journal={Molecular psychiatry},
  volume={19},
  number={6},
  pages={659--667},
  year={2014},
  publisher={Nature Publishing Group}
}

@article{weiner2017,
  title={The Alzheimer's Disease Neuroimaging Initiative 3: Continued innovation for clinical trial improvement},
  author={Weiner, Michael W and Veitch, Dallas P and Aisen, Paul S and Beckett, Laurel A and Cairns, Nigel J and Green, Robert C and Harvey, Danielle and Jack, Clifford R and Jagust, William and Morris, John C and others},
  journal={Alzheimer's \& Dementia},
  volume={13},
  number={5},
  pages={561--571},
  year={2017},
  publisher={Elsevier},
  doi={10.1016/j.jalz.2016.10.006}
}

@inproceedings{wang2017a,
  title={Chestx-ray14: Hospital-scale chest x-ray database and benchmarks on weakly-supervised classification and localization of common thorax diseases},
  author={Wang, Xiaosong and Peng, Yifan and Lu, Le and Lu, Zhiyong and Bagheri, Mohammadhadi and Summers, Ronald M},
  booktitle={Proceedings of the IEEE conference on computer vision and pattern recognition},
  pages={2097--2106},
  year={2017}
}

@article{setio2017,
  title={Validation, comparison, and combination of algorithms for automatic detection of pulmonary nodules in computed tomography images: The LUNA16 challenge},
  author={Setio, Arnaud Arindra Adiyoso and Traverso, Alberto and De Bel, Thomas and Berens, Moira SN and Van Den Bogaard, Cas and Cerello, Piergiorgio and Chen, Hao and Dou, Qi and Fantacci, Maria Evelina and Geurts, Bram and others},
  journal={Medical image analysis},
  volume={42},
  pages={1--13},
  year={2017},
  publisher={Elsevier}
}

@misc{rajpurkar2017,
  title={Mura: Large dataset for abnormality detection in musculoskeletal radiographs},
  author={Rajpurkar, Pranav and Irvin, Jeremy and Bagul, Aarti and Ding, Daisy and Duan, Tony and Mehta, Hershel and Yang, Brandon and Zhu, Kaylie and Laird, Dillon and Ball, Robyn L and others},
  year={2017},
  eprint={1712.06957},
  archivePrefix={arXiv},
  primaryClass={cs.CV}
}

@misc{bakas2018,
  title={Identifying the best machine learning algorithms for brain tumor segmentation, progression assessment, and overall survival prediction in the BRATS challenge},
  author={Bakas, Spyridon and Reyes, Mauricio and Jakab, Andras and Bauer, Stefan and Rempfler, Markus and Crimi, Alessandro and Shinohara, Russell T and Berger, Christoph and Ha, SM and Rozycki, Martin and others},
  year={2018},
  eprint={1811.02629},
  archivePrefix={arXiv},
  primaryClass={cs.CV}
}

@article{yan2018,
  title={DeepLesion: automated mining of large-scale lesion annotations and universal lesion detection with deep learning},
  author={Yan, Ke and Wang, Xiaosong and Lu, Le and Summers, Ronald M},
  journal={Journal of Medical Imaging},
  volume={5},
  number={3},
  pages={036501},
  year={2018},
  publisher={International Society for Optics and Photonics}
}

@inproceedings{chen2016,
  title={Deep contextual networks for neuronal structure segmentation},
  author={Chen, Hao and Qi, Xiaojuan and Cheng, Jie-Zhi and Heng, Pheng-Ann},
  booktitle={Thirtieth AAAI conference on artificial intelligence},
  pages={1167--1173},
  year={2016}
}

@article{ciompi2015,
  title={Automatic classification of pulmonary perifissural nodules in computed tomography using an ensemble of 2D views and a convolutional neural network out-of-the-box},
  author={Ciompi, Francesco and Chung, Kaman and Van Riel, Sarah J and Setio, Arnaud Arindra Adiyoso and Gerke, Peter K and Jacobs, Colin and Van Rikxoort, Eva M and Niemeijer, Meindert and Schaefer-Prokop, Cornelia and Van Ginneken, Bram and others},
  journal={Medical image analysis},
  volume={26},
  number={1},
  pages={195--202},
  year={2015},
  publisher={Elsevier}
}

@article{shin2019,
  title={Joint weakly and semi-supervised deep learning for localization and classification of masses in breast ultrasound images},
  author={Shin, Soo Yeon and Lee, Sumin and Yun, Il Dong and Kim, Sung Min and Lee, Kyong Mi},
  journal={IEEE transactions on medical imaging},
  volume={38},
  number={3},
  pages={762--774},
  year={2019},
  publisher={IEEE},
  doi={10.1109/TMI.2018.2872031}
}

@article{erickson2017,
  title={Machine learning for medical imaging},
  author={Erickson, Bradley J and Korfiatis, Panagiotis and Akkus, Ziba and Kline, Timothy L},
  journal={Radiographics},
  volume={37},
  number={2},
  pages={505--515},
  year={2017},
  publisher={Radiological Society of North America}
}

@inproceedings{zhang2018,
  title={Translating and segmenting multimodal medical volumes with cycle-and shape-consistency generative adversarial network},
  author={Zhang, Zizhao and Yang, Lin and Zheng, Yefeng},
  booktitle={Proceedings of the IEEE conference on computer vision and pattern recognition},
  pages={9242--9251},
  year={2018}
}

@article{huynh2016,
  title={Digital mammographic tumor classification using transfer learning from deep convolutional neural networks},
  author={Huynh, BQ and Li, Hui and Giger, Maryellen L},
  journal={Journal of Medical Imaging},
  volume={3},
  number={3},
  pages={034501},
  year={2016},
  publisher={International Society for Optics and Photonics}
}

@article{pan2009,
  title={A survey on transfer learning},
  author={Pan, Sinno Jialin and Yang, Qiang},
  journal={IEEE Transactions on knowledge and data engineering},
  volume={22},
  number={10},
  pages={1345--1359},
  year={2009},
  publisher={IEEE}
}

@article{samala2018,
  title={Breast cancer diagnosis in digital breast tomosynthesis: effects of training sample size on multi-stage transfer learning using deep neural nets},
  author={Samala, Ravi K and Chan, Heang-Ping and Hadjiiski, Lubomir and Helvie, Mark A and Wei, Jun and Cha, Kenny},
  journal={IEEE transactions on medical imaging},
  volume={38},
  number={3},
  pages={686--696},
  year={2018},
  publisher={IEEE},
  doi={10.1109/TMI.2018.2870427}
}

@inproceedings{yosinski2014,
  title={How transferable are features in deep neural networks?},
  author={Yosinski, Jason and Clune, Jeff and Bengio, Yoshua and Lipson, Hod},
  booktitle={Advances in neural information processing systems 27},
  year={2014}
}

@inproceedings{maicas2018,
  title={Training medical image analysis systems like radiologists},
  author={Maicas, Gabriel and Bradley, Andrew P and Nascimento, Jacinto C and Reid, Ian and Carneiro, Gustavo},
  booktitle={Medical Image Computing and Computer Assisted Intervention -- MICCAI 2018},
  pages={546--554},
  year={2018},
  organization={Springer}
}

@inproceedings{tang2018,
  title={Attention-guided curriculum learning for weakly supervised classification and localization of thoracic diseases on chest radiographs},
  author={Tang, Yuxing and Wang, Xin and Harrison, Adam P and Lu, Le and Xiao, Jing and Summers, Ronald M},
  booktitle={International Workshop on Machine Learning in Medical Imaging},
  pages={249--258},
  year={2018},
  organization={Springer}
}

@article{wu2019,
  title={Deep neural networks improve radiologists performance in breast cancer screening},
  author={Wu, Nan and Phang, Jason and Park, Jungkyu and Shen, Yiqiu and Huang, Zhe and Zorin, Masha and Jastrzebski, Stanislaw and Fevry, Thibault and Kats, Joe and Knowlton, Edward and others},
  journal={IEEE transactions on medical imaging},
  volume={39},
  number={4},
  pages={1184--1194},
  year={2019},
  publisher={IEEE},
  doi={10.1109/TMI.2019.2945514}
}

@inproceedings{liu2018,
  title={Integrate domain knowledge in training cnn for ultrasonography breast cancer diagnosis},
  author={Liu, Junkai and Zhang, Menglin and Zhang, Siping and Zhang, Qinghua and Xie, Yaoqin and Xu, Ming},
  booktitle={International Conference on Medical Image Computing and Computer-Assisted Intervention},
  pages={868--875},
  year={2018},
  organization={Springer}
}

@inproceedings{chen2019a,
  title={Learning shape priors for robust cardiac mr segmentation from multi-view images},
  author={Chen, Chen and Biffi, Carlo and Tarroni, Giacomo and Petersen, Steffen E and Bai, Wenjia and Rueckert, Daniel},
  booktitle={International Conference on Medical Image Computing and Computer-Assisted Intervention},
  pages={523--531},
  year={2019},
  organization={Springer}
}

@inproceedings{li2020,
  title={Towards cross-modality medical image segmentation with online mutual knowledge distillation},
  author={Li, Kang and Yu, Lequan and Wang, Shujun and Heng, Pheng-Ann},
  booktitle={Proceedings of the AAAI Conference on Artificial Intelligence},
  volume={34},
  number={04},
  pages={4417--4424},
  year={2020}
}

@inproceedings{wang2017b,
  title={Chestx-ray8: Hospital-scale chest x-ray database and benchmarks on weakly-supervised classification and localization of common thorax diseases},
  author={Wang, Xiaosong and Peng, Yifan and Lu, Le and Lu, Zhiyong and Bagheri, Mohammadhadi and Summers, Ronald M},
  booktitle={Proceedings of the IEEE conference on computer vision and pattern recognition},
  pages={2097--2106},
  year={2017}
}

@inproceedings{jesson2017,
  title={Cased: curriculum adaptive sampling for extreme data imbalance},
  author={Jesson, Andrew and Schlegl, Thomas and Geras, Krzysztof J and Rios, Angelica and Pinaya, Walter HL and Langs, Georg and Valmaggia, Paolo and McGuire, Philip and Gee, James C and Glocker, Ben},
  booktitle={Medical Image Computing and Computer Assisted Intervention--MICCAI 2017},
  pages={639--646},
  year={2017},
  organization={Springer}
}

@article{xie2018,
  title={Fusing texture, shape and deep model-learned information at decision level for automated classification of lung nodules on chest CT},
  author={Xie, Yutong and Zhang, Jun and Xia, Yong and Fulham, Michael and Zhang, Yang},
  journal={Information Fusion},
  volume={42},
  pages={102--110},
  year={2018},
  publisher={Elsevier}
}

@inproceedings{guo2020,
  title={Organ at risk segmentation for head and neck cancer using stratified learning and neural architecture search},
  author={Guo, Dazhou and Hariharan, Anusha and Lee, Jue Jiang and Mandal, M Mazu},
  booktitle={Proceedings of the IEEE/CVF Conference on Computer Vision and Pattern Recognition},
  pages={4223--4232},
  year={2020}
}

@misc{alom2018,
  title={Recurrent residual convolutional neural network based on u-net (r2u-net) for medical image segmentation},
  author={Alom, Md Zahangir and Hasan, Mahmudul and Yakopcic, Chris and Taha, Tarek M and Asari, Vijayan K},
  year={2018},
  eprint={1802.06955},
  primaryClass={cs.CV}
}

@misc{guan2018,
  title={Diagnose like a radiologist: Attention guided convolutional neural network for thorax disease classification},
  author={Guan, Qing and Huang, Yaping},
  year={2018},
  eprint={1801.09927},
  archivePrefix={arXiv},
  primaryClass={cs.CV}
}

@article{wang2020a,
  title={Learning to recognize thoracic disease in chest x-rays with knowledge-guided deep zoom neural networks},
  author={Wang, Kun and Zhang, Xin and Huang, Shuai and Chen, Fei and Zhang, Xin and Huangfu, Ling},
  journal={IEEE Access},
  volume={8},
  pages={159790--159805},
  year={2020},
  publisher={IEEE}
}

@article{debelee2019,
  title={Survey of deep learning in breast cancer image analysis},
  author={Debelee, Taye Girmay and Schwenker, Friedhelm and Ibenthal, Anteneh and Yohannes, Daniel},
  journal={Evolving Systems},
  pages={1--21},
  year={2019},
  publisher={Springer}
}

@article{litjens2017,
  title={A survey on deep learning in medical image analysis},
  author={Litjens, Geert and Kooi, Thijs and Bejnordi, Babak Ehteshami and Setio, Arnaud Arindra Adiyoso and Ciompi, Francesco and Ghafoorian, Mohsen and Van Der Laak, Jeroen Awm and Van Ginneken, Bram and S{\'a}nchez, Clara I},
  journal={Medical image analysis},
  volume={42},
  pages={60--88},
  year={2017},
  publisher={Elsevier}
}

@article{xie2021,
  title={A survey on incorporating domain knowledge into deep learning for medical image analysis},
  author={Xie, X. and Niu, J. and Liu, X. and Chen, Z. and Tang, S. and Yu, S.},
  journal={Medical Image Analysis},
  volume={69},
  pages={101985},
  year={2021},
  publisher={Elsevier},
  doi={10.1016/j.media.2021.101985}
}

@article{krizhevsky2012,
  title={Imagenet classification with deep convolutional neural networks},
  author={Krizhevsky, Alex and Sutskever, Ilya and Hinton, Geoffrey E},
  journal={Advances in neural information processing systems},
  volume={25},
  year={2012}
}

@inproceedings{szegedy2015,
  title={Going deeper with convolutions},
  author={Szegedy, Christian and Liu, Wei and Jia, Yangqing and Sermanet, Pierre and Reed, Scott and Anguelov, Dragomir and Erhan, Dumitru and Vanhoucke, Vincent and Rabinovich, Andrew},
  booktitle={Proceedings of the IEEE conference on computer vision and pattern recognition},
  pages={1--9},
  year={2015}
}

@inproceedings{he2016,
  title={Deep residual learning for image recognition},
  author={He, Kaiming and Zhang, Xiangyu and Ren, Shaoqing and Sun, Jian},
  booktitle={Proceedings of the IEEE conference on computer vision and pattern recognition},
  pages={770--778},
  year={2016}
}

@inproceedings{huang2017,
  title={Densely connected convolutional networks},
  author={Huang, Gao and Liu, Zhuang and Van Der Maaten, Laurens and Weinberger, Kilian Q},
  booktitle={Proceedings of the IEEE conference on computer vision and pattern recognition},
  pages={4700--4708},
  year={2017}
}

@article{kim2019,
  title={CNN-based diagnosis models for canine ulcerative keratitis},
  author={Kim, Ji Young and Lee, Ha Eun and Choi, Yun Hyeok and Lee, Sang Joon and Jeon, Jeong Soo},
  journal={Scientific reports},
  volume={9},
  number={1},
  pages={1--7},
  year={2019},
  publisher={Nature Publishing Group}
}

@article{li2019,
  title={Canet: cross-disease attention network for joint diabetic retinopathy and diabetic macular edema grading},
  author={Li, Xiaomeng and Hu, Xiaolin and Yu, Lequan and Zhu, Lei and Fu, Chi-Wing and Heng, Pheng-Ann},
  journal={IEEE Transactions on Medical Imaging},
  volume={39},
  number={5},
  pages={1483--1493},
  year={2019},
  publisher={IEEE},
  doi={10.1109/TMI.2019.2951844}
}

@article{xiao2020,
  title={Pk-GCN: Prior knowledge assisted image classification using graph convolution networks},
  author={Xiao, Xiaojun and Ji, Chuanfa and Mudiyanselage, Thilini B and Pan, Yan},
  journal={arXiv preprint arXiv:2009.11892},
  year={2020}
}

@misc{li2017,
  title={Detection and attention: Diagnosing pulmonary lung cancer from CT by imitating physicians},
  author={Li, Nan and Chen, Zeyu and Yang, Guiyu and Yue, Ming},
  year={2017},
  eprint={1712.05114},
  archivePrefix={arXiv},
  primaryClass={cs.CV}
}

@inproceedings{bar2015,
  title={Deep learning with non-medical training used for chest pathology identification},
  author={Bar, Yaniv and Diamant, Idit and Wolf, Lior and Greenspan, Hayit},
  booktitle={Medical Imaging 2015: Computer-Aided Diagnosis},
  volume={9414},
  pages={94140V},
  year={2015},
  organization={International Society for Optics and Photonics}
}

@inproceedings{cao2018,
  title={Improve the performance of transfer learning without fine-tuning using dissimilarity-based multi-view learning for breast cancer histology images},
  author={Cao, Huy Hoang and Bernard, S{\'e}bastien and Heutte, Laurent and Sabourin, Robert},
  booktitle={International conference image analysis and recognition},
  pages={779--787},
  year={2018},
  organization={Springer}
}

@inproceedings{liang2020,
  title={Weakly-supervised self-training for breast cancer localization},
  author={Liang, Geng and Wang, Xiaopeng and Zhang, Yanyang and Jacobs, Nathan},
  booktitle={2020 IEEE International Conference on Engineering in Medicine \& Biology Society (EMBC)},
  pages={1124--1127},
  year={2020},
  organization={IEEE}
}

@inproceedings{hussein2017,
  title={Risk stratification of lung nodules using 3D CNN-based multi-task learning},
  author={Hussein, Sa{\"\i}d and Cao, Kunlin and Song, Qi and Bagci, Ulas},
  booktitle={International conference information processing in medical imaging},
  pages={249--260},
  year={2017},
  organization={Springer}
}

@article{samala2017,
  title={Multi-task transfer learning deep convolutional neural network: application to computer-aided diagnosis of breast cancer on mammograms},
  author={Samala, Ravi K and Chan, Heang-Ping and Hadjiiski, Lubomir and Helvie, Mark A and Wei, Jun and Cha, Kenny},
  journal={Physics in Medicine \& Biology},
  volume={62},
  number={23},
  pages={8894},
  year={2017},
  publisher={IOP Publishing}
}

@inproceedings{bakalo2019,
  title={Classification and detection in mammograms with weak supervision via dual branch deep neural net},
  author={Bakalo, Ron and Ben-Ari, Rami and Goldberger, Jacob},
  booktitle={2019 IEEE 16th International Symposium on Biomedical Imaging (ISBI 2019)},
  pages={1905--1909},
  year={2019},
  organization={IEEE}
}

@article{havaei2017,
  title={Brain tumor segmentation with deep neural networks},
  author={Havaei, Mohammad and Davy, Axel and Warde-Farley, David and Biard, Antoine and Courville, Aaron and Bengio, Yoshua and Pal, Chris and Jodoin, Pierre-Marc and Larochelle, Hugo},
  journal={Medical image analysis},
  volume={35},
  pages={18--31},
  year={2017},
  publisher={Elsevier}
}

@inproceedings{larrazabal2019,
  title={Anatomical priors for image segmentation via post-processing with denoising autoencoders},
  author={Larrazabal, A J and Mart{\'\i}nez, C E and Ferrante, E},
  booktitle={International Conference on Medical Image Computing and Computer-Assisted Intervention},
  pages={585--593},
  year={2019},
  organization={Springer}
}

@article{xie2019,
  title={Knowledge-based collaborative deep learning for benign-malignant lung nodule classification on chest CT},
  author={Xie, Yutong and Xia, Yong and Zhang, Jun and Song, Yang and Feng, David Dagan and Fulham, Michael and Cai, Weidong},
  journal={IEEE transactions on medical imaging},
  volume={38},
  number={4},
  pages={991--1004},
  year={2019},
  publisher={IEEE}
}

@article{liao2019,
  title={Multi-task deep convolutional neural network for cancer diagnosis},
  author={Liao, Qing and Ding, Yiyi and Jiang, Zhi-Li and Wang, Xuxing and Zhang, Caiming and Zhang, Qiang},
  journal={Neurocomputing},
  volume={348},
  pages={66--73},
  year={2019},
  publisher={Elsevier}
}

@misc{smith2022,
  title={Do it Like the Doctor: How We Can Design a Model That Uses Domain Knowledge to Diagnose Pneumothorax},
  author={Smith, Gail and Zhang, Qi and MacLellan, Clara},
  year={2022},
  eprint={2205.12159},
  archivePrefix={arXiv},
  primaryClass={cs.CV},
  doi={10.48550/arXiv.2205.12159}
}

@article{jin2020,
  title={Deeptarget: gross tumor and clinical target volume segmentation in esophageal cancer radiotherapy},
  author={Jin, Di and Guo, Dongming and Ho, Tung-Yiu and Harrison, Adam P and Xiao, Jing and Tseng, Cheng-k and Lu, Le},
  journal={Medical Image Analysis},
  volume={68},
  pages={101909},
  year={2020},
  publisher={Elsevier}
}

@article{hagerty2019,
  title={Deep learning and handcrafted method fusion: higher diagnostic accuracy for melanoma dermoscopy images},
  author={Hagerty, James R and Stanley, Ronald J and Almubarak, Hasiballah and Lama, Nabin and Kasmi, Reda and Glickman, Joel and Stoecker, William V and Hacking, Scott M and Sudduth, Andrew and B K, Shesha Kumar and others},
  journal={IEEE Journal of Biomedical and Health Informatics},
  volume={24},
  number={10},
  pages={2967--2976},
  year={2019},
  publisher={IEEE}
}

@inproceedings{redmon2016,
  title={You only look once: Unified, real-time object detection},
  author={Redmon, Joseph and Divvala, Santosh and Girshick, Ross and Farhadi, Ali},
  booktitle={Proceedings of the IEEE conference on computer vision and pattern recognition},
  pages={779--788},
  year={2016}
}

@inproceedings{wimmer2016,
  title={Convolutional neural network architectures for the automated diagnosis of celiac disease},
  author={Wimmer, Georg and Hegenbart, Sebastian and Vecsei, Andreas and Uhl, Andreas},
  booktitle={International Workshop on Computer-Assisted and Robotic Endoscopy},
  pages={104--113},
  year={2016},
  organization={Springer}
}

@inproceedings{liu2020a,
  title={Cross-view correspondence reasoning based on bipartite graph convolutional network for mammogram mass detection},
  author={Liu, Yuhang and Zhang, Feng and Zhang, Qi and Wang, Siyu and Yu, Yirong},
  booktitle={Proceedings of the IEEE/CVF Conference on Computer Vision and Pattern Recognition (CVPR)},
  pages={3812--3822},
  year={2020}
}

@inproceedings{liu2019a,
  title={From unilateral to bilateral learning: Detecting mammogram masses with contrasted bilateral network},
  author={Liu, Yuhang and Zhou, Zhen and Zhang, Suyu and Luo, Lin and Zhang, Qi and Zhang, Feng and Li, Xiaoqi and Wang, Yizhou and Yu, Yirong},
  booktitle={International Conference on Medical Image Computing and Computer-Assisted Intervention},
  pages={477--485},
  year={2019},
  organization={Springer}
}

@inproceedings{li2019a,
  title={Attention based glaucoma detection: A large-scale database and CNN model},
  author={Li, Lin and Xu, Mai and Wang, Xiaofeng and Jiang, Liyuan and Liu, Hong},
  booktitle={Proceedings of the IEEE/CVF Conference on Computer Vision and Pattern Recognition},
  pages={10571--10580},
  year={2019}
}

@article{fang2019,
  title={Attention to lesion: lesion-aware convolutional neural network for retinal optical coherence tomography image classification},
  author={Fang, Liyuan and Wang, Cun and Li, Shengjie and Rabbani, Hossein and Chen, Xi and Liu, Zhu},
  journal={IEEE transactions on medical imaging},
  volume={38},
  number={8},
  pages={1959--1970},
  year={2019},
  publisher={IEEE},
  doi={10.1109/TMI.2019.2898414}
}

@inproceedings{cui2020,
  title={Collaborative learning of cross-channel clinical attention for radiotherapy-related esophageal fistula prediction from ct},
  author={Cui, He and Xu, Yingjia and Li, Wenhui and Wang, Lifeng and Duh, Hakjae},
  booktitle={International Conference on Medical Image Computing and Computer-Assisted Intervention},
  pages={212--220},
  year={2020},
  organization={Springer}
}

@article{zhang2020,
  title={Short-term lesion change detection for melanoma screening with novel siamese neural network},
  author={Zhang, Bokai and Halpern, Allan C and Zaitsu, Yasuhiro and El Schbear, Adla and McLaughlin, James and Ho, Ken and Marchetti, Michael A and Zhang, Zhe and Lui, Harvey and Wang, Simon},
  journal={IEEE transactions on medical imaging},
  volume={39},
  number={11},
  pages={3639--3650},
  year={2020},
  publisher={IEEE}
}

@article{nachbar1994,
  title={The ABCD rule of dermatoscopy: high prospective value in the diagnosis of doubtful melanocytic skin lesions},
  author={Nachbar, F and Stolz, W and Merkle, T and Cognetta, AB and Vogt, T and Landthaler, M and Bilek, P and Braun-Falco, O and Plewig, G},
  journal={Journal of the American Academy of Dermatology},
  volume={30},
  number={4},
  pages={551--559},
  year={1994},
  publisher={Elsevier}
}

@inproceedings{mendelson2013,
  title={Acr bi-rads ultrasound},
  author={Mendelson, Ellen B and Bohm-V{\'e}lez, Marcela and Berg, Wendie A},
  booktitle={Acr bi-rads atlas, breast imaging reporting and data system},
  year={2013},
  publisher={Reston, VA, American College of Radiology}
}

@inproceedings{buty2016,
  title={Characterization of lung nodule malignancy using hybrid shape and appearance features},
  author={Buty, Morgan and Xu, Zheng and Gao, Mengdi and Gevaert, Olivier and Napel, Sandy},
  booktitle={Medical Image Computing and Computer-Assisted Intervention--MICCAI 2016},
  pages={662--670},
  year={2016},
  organization={Springer}
}

@inproceedings{alilou2017,
  title={Intra-perinodular textural transition (ipris): a 3d descriptor for nodule diagnosis on lung ct},
  author={Alilou, Mehdi and Orooji, Arman and Madabhushi, Anant},
  booktitle={International Conference on Medical Image Computing and Computer-Assisted Intervention},
  pages={647--655},
  year={2017},
  organization={Springer}
}

@inproceedings{yang2020,
  title={Momminet: mammographic multi-view mass identification networks},
  author={Yang, Zhen and Chen, Luyang and Xu, Yan},
  booktitle={International Conference on Medical Image Computing and Computer-Assisted Intervention},
  pages={200--210},
  year={2020},
  organization={Springer}
}

@inproceedings{majtner2016,
  title={Combining deep learning and hand-crafted features for skin lesion classification},
  author={Majtner, Tomasz and Yildirim-Yayilgan, Sule and Hardeberg, Jon Yngve},
  booktitle={2016 Sixth International Conference on Image Processing Theory, Tools and Applications (IPTA)},
  pages={1--6},
  year={2016},
  organization={IEEE}
}

@article{xia2020,
  title={Comparison and fusion of deep learning and radiomics features of ground-glass nodules to predict the invasiveness risk of stage-i lung adenocarcinomas in CT scan},
  author={Xia, Tian and Li, Fei and Yu, Jingmin},
  journal={Frontiers in Oncology},
  volume={10},
  pages={525326},
  year={2020},
  publisher={Frontiers Media SA}
}

@article{antropova2017,
  title={A deep feature fusion methodology for breast cancer diagnosis demonstrated on three imaging modality datasets},
  author={Antropova, N and Huynh, BQ and Giger, ML},
  journal={Medical Physics},
  volume={44},
  number={10},
  pages={5162--5171},
  year={2017},
  publisher={Wiley Online Library}
}

@inproceedings{moradi2016,
  title={A hybrid learning approach for semantic labeling of cardiac CT slices and recognition of body position},
  author={Moradi, Moezedin and Guo, Yanlei and Al'Aref, Subhi J and Lu, Yi and Lee, Benjamin C and Forsberg, Daniel and Lee, Jessica and Wu, Fay Y and Min, James K and Wang, Jia},
  booktitle={2016 IEEE 13th international symposium on biomedical imaging (ISBI)},
  pages={1418--1421},
  year={2016},
  organization={IEEE}
}

@article{xie2021a,
  title={Dg-CNN: introducing margin information into CNN for breast cancer diagnosis in ultrasound images},
  author={Xie, Xiangrong and Niu, Jiamin and Liu, Xue and others},
  journal={Medical Image Analysis},
  volume={69},
  pages={101985},
  year={2021},
  publisher={Elsevier}
}

@inproceedings{chao2020,
  title={Lymph node gross tumor volume detection in oncology imaging via relationship learning using graph neural network},
  author={Chao, Chih-Hao and Lin, Pei-Nien and Lai, Yu-Hsuan and Hsu, Jason and Huang, Chih-Hung and Yang, Jason},
  booktitle={International Conference on Medical Image Computing and Computer-Assisted Intervention},
  pages={772--782},
  year={2020},
  organization={Springer}
}

@inproceedings{han2020,
  title={Deep doubly supervised transfer network for diagnosis of breast cancer with imbalanced ultrasound imaging modalities},
  author={Han, Xu and Zhang, Lei and Wang, Lei and Wang, Lei and Chen, Siping and Liu, Hong and Liu, Tian},
  booktitle={International Conference on Medical Image Computing and Computer-Assisted Intervention},
  pages={141--149},
  year={2020},
  organization={Springer}
}

@article{cai2019,
  title={One stage lesion detection based on 3D context convolutional neural networks},
  author={Cai, Guisen and Hu, Liming and Cai, Qinghua},
  journal={Computers \& Electrical Engineering},
  volume={79},
  pages={106449},
  year={2019},
  publisher={Elsevier}
}

@article{yap2018,
  title={Automated breast ultrasound lesions detection using convolutional neural networks},
  author={Yap, Moi Hoon and Goyal, Manav and Osman, Fatima Mohammed and Mart{\'\i}, Robert and Denton, Erik and Juette, Ansgar and Zwiggelaar, Reyer},
  journal={IEEE journal of biomedical and health informatics},
  volume={22},
  number={4},
  pages={1218--1226},
  year={2018},
  publisher={IEEE}
}

@inproceedings{schlegl2017,
  title={Unsupervised anomaly detection with generative adversarial networks to guide marker discovery},
  author={Schlegl, Thomas and Seeb{\"o}ck, Philipp and Waldstein, Sebastian M and Schmidt-Erfurth, Ursula and Langs, Georg},
  booktitle={International conference on information processing in medical imaging},
  pages={146--157},
  year={2017},
  organization={Springer}
}

@inproceedings{yang2019,
  title={Dscgans: integrate domain knowledge in training dual-path semi-supervised conditional generative adversarial networks and s3vm for ultrasonography thyroid nodules classification},
  author={Yang, Wei and Zhao, Jie and Qiang, Yajie and Yang, Xuguang and Dong, Yang and Du, Qianhui and Shi, Guang and Zia, MB},
  booktitle={International Conference on Medical Image Computing and Computer-Assisted Intervention},
  pages={558--566},
  year={2019},
  organization={Springer}
}

@article{liu2019,
  title={Automated detection and classification of thyroid nodules in ultrasound images using clinical-knowledge-guided convolutional neural networks},
  author={Liu, Taihui and Tan, Jialin and Wang, Dong and Zheng, Jiajia and Li, Ang},
  journal={Medical Image Analysis},
  volume={58},
  pages={101555},
  year={2019},
  publisher={Elsevier}
}

@article{feng2020,
  title={A knowledge-driven feature learning and integration method for breast cancer diagnosis on multi-sequence MRI},
  author={Feng, Hai-Tao and Liu, Jun-Xuan and Nie, Feng-Ying and Chen, Yan and Ma, Jie},
  journal={Magnetic Resonance Imaging},
  volume={69},
  pages={40--48},
  year={2020},
  publisher={Elsevier}
}

@article{chen2016a,
  title={Automatic scoring of multiple semantic attributes with multi-task feature leverage: A study on pulmonary nodules in ct images},
  author={Chen, Siqi and Zhang, Ling and Wei, Lili and Cao, Xiaochun and Tian, Jie},
  journal={IEEE transactions on medical imaging},
  volume={36},
  number={3},
  pages={802--814},
  year={2016},
  publisher={IEEE}
}

@inproceedings{murthy2017,
  title={Center-focusing multi-task cnn with injected features for classification of glioma nuclear images},
  author={Murthy, Vrindavan and Hou, Le and Samaras, Dimitris and Kurc, Tahsin M and Saltz, Joel H},
  booktitle={2017 IEEE winter conference on applications of computer vision (WACV)},
  pages={834--841},
  year={2017},
  organization={IEEE}
}

@inproceedings{wu2018,
  title={Joint learning for pulmonary nodule segmentation, attributes and malignancy prediction},
  author={Wu, Bowen and Zhou, Zongyuan and Wang, Jian and Wang, Yiqing},
  booktitle={2018 IEEE 15th International Symposium on Biomedical Imaging (ISBI 2018)},
  pages={1109--1113},
  year={2018},
  organization={IEEE}
}

@inproceedings{yu2020,
  title={Difficulty-aware glaucoma classification with multi-rater consensus modeling},
  author={Yu, Shuang and Chen, Honghui and Chen, Haoyu and Guan, Dwen},
  booktitle={International Conference on Medical Image Computing and Computer-Assisted Intervention},
  pages={741--750},
  year={2020},
  organization={Springer}
}

@inproceedings{wang2018,
  title={Tienet: Text-image embedding network for common thorax disease classification and reporting in chest x-rays},
  author={Wang, Xiaosong and Peng, Yifan and Lu, Le and Lu, Zhiyong and Summers, Ronald M},
  booktitle={Proceedings of the IEEE conference on computer vision and pattern recognition},
  pages={9049--9058},
  year={2018}
}

@inproceedings{zhang2017,
  title={Tandemnet: Distilling knowledge from medical images using diagnostic reports as optional semantic references},
  author={Zhang, Zizhao and Chen, Pingjun and Sapkota, Manish and Yang, Lin},
  booktitle={International Conference on Medical Image Computing and Computer-Assisted Intervention},
  pages={320--328},
  year={2017},
  organization={Springer}
}

@misc{khatib2024,
  title={Patient-Centric Knowledge Graphs: A Survey of Current Methods, Challenges, and Applications},
  author={Khatib, Heithem Afli and Bouamor, Houda and Mrissa, Michael and Hassan, Mohamad},
  year={2024},
  eprint={2402.12608},
  archivePrefix={arXiv},
  primaryClass={cs.AI},
  doi={10.48550/arXiv.2402.12608}
}

@misc{ren2015,
  title={Faster r-cnn: Towards real-time object detection with region proposal networks},
  author={Ren, Shaoqing and He, Kaiming and Girshick, Ross and Sun, Jian},
  year={2015},
  eprint={1506.01497},
  archivePrefix={arXiv},
  primaryClass={cs.CV}
}

@article{yang2017,
  title={Dagan: Deep de-aliasing generative adversarial networks for fast compressed sensing mri reconstruction},
  author={Yang, Guohua and Yu, Simiao and Dong, Hao and Slabaugh, Gregory and Dragotti, Pier Luigi and Ye, Xujiong and Liu, Fangde and Arridge, Simon and Keegan, Jennifer and Guo, Yike and others},
  journal={IEEE transactions on medical imaging},
  volume={37},
  number={6},
  pages={1310--1321},
  year={2017},
  publisher={IEEE}
}

@inproceedings{yedder2019,
  title={Limited-angle diffuse optical tomography image reconstruction using deep learning},
  author={Yedder, Hadjar Ben and Bouzid, Houda Ben and Mtibaa, Anissa and Messaoud, Mouna Ben},
  booktitle={Medical Image Computing and Computer Assisted Intervention -- MICCAI 2019},
  pages={66--74},
  year={2019},
  organization={Springer}
}

@misc{dar2018,
  title={Synergistic reconstruction and synthesis via generative adversarial networks for accelerated multi-contrast MRI},
  author={Dar, Salman UH and Yurt, Muhamed and Shahdloo, Mahmut and Ildiz, M Ertunc and Cukur, Tolga},
  year={2018},
  eprint={1805.10704},
  archivePrefix={arXiv},
  primaryClass={cs.CV}
}

@article{ahmad2017,
  title={Sinc: Saliency-injected neural codes for representation and efficient retrieval of medical radiographs},
  author={Ahmad, Jamil and Sajjad, Muhammad and Mehmood, Irfan and Baik, Sung Wook},
  journal={PLoS ONE},
  volume={12},
  number={8},
  pages={e0182886},
  year={2017},
  publisher={Public Library of Science}
}

@article{khatami2018,
  title={A sequential search-space shrinking using CNN transfer learning and a radon projection pool for medical image retrieval},
  author={Khatami, Amin and Babaie, Maral and Tizhoosh, Hamid R and Khosravi, Abbas},
  journal={Expert Systems with Applications},
  volume={100},
  pages={224--233},
  year={2018},
  publisher={Elsevier}
}

@article{swati2019,
  title={Content-based brain tumor retrieval for MR images using transfer learning},
  author={Swati, Sanya and Zhao, Zhuo Nan Kevin and Kabir, Mohsin and Ali, Farman and Ali, Zulfiqar and Ahmed, Sagheer and Lu, Jiaming},
  journal={IEEE Access},
  volume={7},
  pages={17809--17822},
  year={2019},
  publisher={IEEE}
}

@inproceedings{anavi2015,
  title={A comparative study for chest radiograph image retrieval using binary texture and deep learning classification},
  author={Anavi, Yaron and Kogan, Ilan and Gelbart, Elad and Geva, Ofer and Greenspan, Hayit},
  booktitle={2015 IEEE 12th International Symposium on Biomedical Imaging (ISBI)},
  pages={2940--2943},
  year={2015},
  organization={IEEE}
}

@inproceedings{anavi2016,
  title={Visualizing and enhancing a deep learning framework using patients age and gender for chest x-ray image retrieval},
  author={Anavi, Yaron and Kogan, Ilan and Gelbart, Elad and Geva, Ofer and Greenspan, Hayit},
  booktitle={Medical Imaging 2016: Computer-Aided Diagnosis},
  volume={9785},
  pages={978510},
  year={2016},
  organization={International Society for Optics and Photonics}
}

@misc{jing2017,
  title={On the automatic generation of medical imaging reports},
  author={Jing, Baoyu and Xie, Pengtao and Xing, Eric},
  year={2017},
  eprint={1711.08195},
  archivePrefix={arXiv},
  primaryClass={cs.CL}
}

@misc{liu2019b,
  title={Clinically accurate chest x-ray report generation},
  author={Liu, Guanxiong and Hsu, Tzu-Ming and McDermott, Matthew and Boag, Willie and Weng, Wei-Hung and Szolovits, Peter and Ghassemi, Marzyeh},
  year={2019},
  eprint={1904.02633},
  archivePrefix={arXiv},
  primaryClass={cs.CV}
}

@inproceedings{li2018,
  title={Hybrid retrieval-generation reinforced agent for medical image report generation},
  author={Li, Yuan and Liang, Xiaodan and Hu, Zhiting and Xing, Eric P},
  booktitle={Advances in Neural Information Processing Systems 31},
  year={2018}
}

@inproceedings{li2019b,
  title={Knowledge-driven encode, retrieve, paraphrase for medical image report generation},
  author={Li, Christy Y and Liang, Xiaodan and Hu, Zhiting and Xing, Eric P},
  booktitle={Proceedings of the AAAI conference on artificial intelligence},
  volume={33},
  number={01},
  pages={6666--6673},
  year={2019}
}

@inproceedings{ghafoorian2017,
  title={Transfer learning for domain adaptation in mri: Application in brain lesion segmentation},
  author={Ghafoorian, Mohsen and Mehrtash, Alireza and Kapur, Tina and Karssemeijer, Nico and Marchiori, Elena and Pesteie, Mehran and Ghesu, Florin Cristian and Ghaffari, Ryan and Hatamizadeh, Ali and Khened, Mangesh and others},
  booktitle={International conference on medical image computing and computer-assisted intervention},
  pages={516--524},
  year={2017},
  organization={Springer}
}

@article{hong2013,
  title={Content analysis of reporting templates and free-text radiology reports},
  author={Hong, Youjin and Kahn Jr, Charles E},
  journal={Journal of digital imaging},
  volume={26},
  pages={843--849},
  year={2013},
  publisher={Springer}
}

@inproceedings{li2019c,
  title={Mvp-net: Multi-view fpn with position-aware attention for deep universal lesion detection},
  author={Li, Zhe and Zhang, Suyu and Zhang, Jiechao and Huang, Kuan and Wang, Yixuan and Yu, Yirong},
  booktitle={Medical Image Computing and Computer-Assisted Intervention--MICCAI 2019},
  pages={13--21},
  year={2019},
  organization={Springer}
}

@misc{zhang2020a,
  title={When radiology report generation meets knowledge graph},
  author={Zhang, Yixiao and Wang, Xiaosong and Xu, Ziyue and Yu, Qihang and Yuille, Alan and Xu, Daguang},
  year={2020},
  eprint={2002.08277},
  archivePrefix={arXiv},
  primaryClass={cs.CV}
}

@inproceedings{rezaei2019,
  title={Gland segmentation in histopathology images using deep networks and handcrafted features},
  author={Rezaei, Sara and Emami, Alireza and Zarrabi, Hamidreza and Rafiei, Somayyeh and Najarian, Kayvan and Karimi, Nassir and Samavi, Shadrokh and Soroushmehr, SMR},
  booktitle={2019 41st Annual International Conference of the IEEE Engineering in Medicine and Biology Society (EMBC)},
  pages={1031--1034},
  year={2019},
  organization={IEEE}
}

@inproceedings{luo2020,
  title={Shape constrained network for eye segmentation in the wild},
  author={Luo, Bingnan and Shen, Jihong and Cheng, Siying and Wang, Yan and Pantic, Maja},
  booktitle={The IEEE Winter Conference on Applications of Computer Vision},
  pages={1952--1960},
  year={2020}
}

@inproceedings{zhao2020,
  title={Egdcl: An adaptive curriculum learning framework for unbiased glaucoma diagnosis},
  author={Zhao, Ruofan and Chen, Xiayu and Chen, Zifei and Li, Shaohua},
  booktitle={European Conference on Computer Vision},
  pages={190--205},
  year={2020},
  organization={Springer}
}

@article{guan2021,
  title={Domain adaptation for medical image analysis: a survey},
  author={Guan, Hu and Liu, Mingxia},
  journal={IEEE Transactions on Biomedical Engineering},
  volume={69},
  number={3},
  pages={1173--1185},
  year={2021},
  publisher={IEEE}
}

@article{huisman2021,
  title={A survey of deep meta-learning},
  author={Huisman, Mike and Van Rijn, Jan N and Plaat, Aske},
  journal={Artificial Intelligence Review},
  volume={54},
  number={6},
  pages={4483--4541},
  year={2021},
  publisher={Springer}
}

@article{wang2020b,
  title={Generalizing from a few examples: A survey on few-shot learning},
  author={Wang, Yaqing and Yao, Quanming and Kwok, James T and Ni, Lionel M},
  journal={ACM computing surveys (csur)},
  volume={53},
  number={3},
  pages={1--34},
  year={2020},
  publisher={ACM New York, NY, USA}
}

@article{ren2022,
  title={Multi-source unsupervised domain adaptation via pseudo target domain},
  author={Ren, Chuang-Xing and Liu, You-Hong and Zhang, Xiao-Wei and Huang, Ke-Ke},
  journal={IEEE Transactions on Image Processing},
  volume={31},
  pages={2122--2135},
  year={2022},
  publisher={IEEE}
}

@article{fang2024,
  title={Source-free unsupervised domain adaptation: A survey},
  author={Fang, Yue and Yap, Poon-Tee and Lin, Weili and Zhu, Hongtu and Liu, Mingxia},
  journal={Neural Networks},
  volume={169},
  pages={106230},
  year={2024},
  publisher={Elsevier}
}

@article{gou2021,
  title={Knowledge distillation: A survey},
  author={Gou, Jianping and Yu, Baosheng and Maybank, Stephen J and Tao, Dacheng},
  journal={International Journal of Computer Vision},
  volume={129},
  number={6},
  pages={1789--1819},
  year={2021},
  publisher={Springer}
}

@misc{nabavi2024,
  title={Multiple Teachers-Meticulous Student: A Domain Adaptive Meta-Knowledge Distillation Model for Medical Image Classification},
  author={Nabavi, Seyedehsomayeh and Hamedani, Khadijeh Aliabadi and Moghaddam, Mahdi Eftekhari and Abin, Andres Diaz and Frangi, Alejandro F},
  year={2024},
  eprint={2403.11226},
  archivePrefix={arXiv},
  primaryClass={eess.IV},
  doi={10.48550/arXiv.2403.11226}
}

@article{chen2023,
  title={Metafed: Federated learning among federations with cyclic knowledge distillation for personalized healthcare},
  author={Chen, Yiqiang and Lu, Wang and Qin, Xin and Wang, Jiantao and Xie, Xiang},
  journal={IEEE Transactions on Neural Networks and Learning Systems},
  year={2023}, 
  publisher={IEEE}
}

@inproceedings{nguyen-meidine2021,
  title={Unsupervised multi-target domain adaptation through knowledge distillation},
  author={Nguyen-Meidine, L Tuan and Belal, Ala Eddine and Kiran, Muhammad and Dolz, Jose and Blais-Morin, Louis-Antoine and Granger, Eric},
  booktitle={Proceedings of the IEEE/CVF winter conference on applications of computer vision},
  pages={1275--1284},
  year={2021}
}

@article{liu2023,
  title={A Structure-aware Framework of Unsupervised Cross-Modality Domain Adaptation via Frequency and Spatial Knowledge Distillation},
  author={Liu, Sirui and Yin, Shuxin and Qu, Ling and Wang, Min and Song, Zhenwei},
  journal={IEEE Transactions on Medical Imaging},
  year={2023}, 
  publisher={IEEE}
}

@inproceedings{wang2023a,
  title={Black-box Domain Adaptative Cell Segmentation via Multi-source Distillation},
  author={Wang, Xiaoman and Li, Zhuotun and Luo, Xinyu and Wan, Jiajin and Zhu, Jiangpeng and Yang, Zhen and Yang, Ming and Xu, Can},
  booktitle={International Conference on Medical Image Computing and Computer-Assisted Intervention},
  pages={207--217},
  year={2023},
  organization={Springer Nature Switzerland}
}

@article{fan2023,
  title={ViT-FRD: A vision transformer model for cardiac MRI image segmentation based on feature recombination distillation},
  author={Fan, Chaofan and Su, Qing and Xiao, Zhibin and Su, Haibo and Hou, Angran and Luan, Bo},
  journal={IEEE Access},
  year={2023}, 
  publisher={IEEE}
}

@inproceedings{you2023,
  title={Bootstrapping semi-supervised medical image segmentation with anatomical-aware contrastive distillation},
  author={You, Chen and Dai, Weicheng and Min, Yixiong and Staib, Lawrence H and Duncan, James S},
  booktitle={International Conference on Information Processing in Medical Imaging},
  pages={183--196},
  year={2023},
  organization={Springer Nature Switzerland}
}

@article{zhai2023,
  title={PA-seg: learning from point annotations for 3D medical image segmentation using contextual regularization and cross knowledge distillation},
  author={Zhai, Sheng and Wang, Guotai and Luo, Xiangde and Yue, Qi and Li, Kang and Zhang, Shaoting},
  journal={IEEE Transactions on Medical Imaging},
  year={2023}, 
  publisher={IEEE}
}

@inproceedings{tan2018,
  title={A survey on deep transfer learning},
  author={Tan, Chuanqi and Sun, Fuchun and Kong, Tao and Zhang, Wenchang and Yang, Chao and Liu, Chao},
  booktitle={Artificial Neural Networks and Machine Learning--ICANN 2018: 27th International Conference on Artificial Neural Networks, Rhodes, Greece, October 4-7, 2018, Proceedings, Part III 27},
  pages={270--279},
  year={2018},
  organization={Springer}
}

@article{tan2024,
  title={Self-supervised learning with self-distillation on COVID-19 medical image classification},
  author={Tan, Zhengyu and Yu, Yang and Meng, Jiatong and Liu, Shuangsong and Li, Wenjuan},
  journal={Computer Methods and Programs in Biomedicine},
  volume={243},
  pages={107876},
  year={2024},
  publisher={Elsevier}
}

@article{termritthikun2023,
  title={Explainable knowledge distillation for on-device chest x-ray classification},
  author={Termritthikun, Chollette and Umer, Adeel and Suwanwimolkul, Sirikarn and Xia, Fang and Lee, Insung},
  journal={IEEE/ACM Transactions on Computational Biology and Bioinformatics},
  year={2023}, 
  publisher={IEEE}
}

@article{elbatel2023,
  title={FoPro-KD: fourier prompted effective knowledge distillation for long-tailed medical image recognition},
  author={Elbatel, Mohamed and Mart{\'\i}nez, Manuel and Li, Xiang},
  journal={IEEE Transactions on Medical Imaging},
  year={2023}, 
  publisher={IEEE}
}

@inproceedings{zhang2023a,
  title={MEDKD: Enhancing Medical Image Classification with Multiple Expert Decoupled Knowledge Distillation for Long-Tail Data},
  author={Zhang, Feng and Li, Siyuan and Wei, Tongling and Lin, Lin and Huang, Yuncheng and Cheng, Peiyu and Tang, Xi},
  booktitle={International Workshop on Machine Learning in Medical Imaging},
  pages={301--311},
  year={2023},
  organization={Springer Nature Switzerland}
}

@article{li2023,
  title={Enhancing and Adapting in the Clinic: Source-free Unsupervised Domain Adaptation for Medical Image Enhancement},
  author={Li, Heng and Lin, Zongdai and Qiu, Zhaoshuo and Li, Zhitong and Niu, Kewen and Guo, Ning and Fu, Huazhu and Hu, Yan and Liu, Jiang},
  journal={IEEE Transactions on Medical Imaging},
  year={2023}, 
  publisher={IEEE}
}

@article{wang2024,
  title={CMRxRecon: A publicly available k-space dataset and benchmark to advance deep learning for cardiac MRI},
  author={Wang, Chengyan and Guo, Rui and Zhang, Yan and Li, Xinzhou and Jia, Sen and Xiao, Xinyi and Chen, Zhuo and Yang, Yafeng and Chen, Siyi and Feng, Yanjie and others},
  journal={Scientific Data},
  volume={11},
  number={1},
  pages={687},
  year={2024},
  publisher={Nature Publishing Group UK London},
  doi={10.1038/s41597-024-03525-4}
}

@misc{wang2022,
  title={The Extreme Cardiac MRI Analysis Challenge under Respiratory Motion (CMRxMotion)},
  author={Wang, Shuo and Wang, Chengyan and Jia, Sen and Xiao, Xinyi and Zhang, Chen and Chen, Haoran and Wang, Yikang and Luo, Guangbin and Zhang, Yan and Jia, Xue and others},
  year={2022},
  eprint={2210.06385},
  archivePrefix={arXiv},
  primaryClass={eess.IV},
  doi={10.48550/arXiv.2210.06385}
}

@article{narai2022,
  title={Movement-related artefacts (MR-ART) dataset of matched motion-corrupted and clean structural MRI brain scans},
  author={N{\'a}rai, {\'A}d{\'a}m and Perlaki, Gabor and Orsi, Gergely and Nagy, Szilvia Alexandra and Kemenczky, P{\'e}ter and Farkas, P{\'e}ter and Kincses, Panna and Kocsis, Krisztina and Jakab, Ferenc and Zaitsev, Maxim and others},
  journal={Scientific data},
  volume={9},
  number={1},
  pages={630},
  year={2022},
  publisher={Nature Publishing Group UK London},
  doi={10.1038/s41597-022-01694-8}
}

@misc{lee2023,
  title={Low-dose Computed Tomography Perceptual Image Quality Assessment Grand Challenge Dataset (MICCAI 2023)},
  author={Lee, Wooseok and Kim, Byungjai and Kim, Jae-Seung and Kim, Kyong Joon and Yun, Yeong-Gil and Lim, Jongwon and Nam, Yohan and Jeon, Jonghwan and Choi, Ji-wook and Kim, Hyunwoo and others},
  year={2023},
  publisher={Zenodo},
  doi={10.5281/zenodo.7833096}
}

@article{oksuz2019,
  title={Automatic CNN-based detection of cardiac MR motion artefacts using k-space data augmentation and curriculum learning},
  author={Oksuz, Ilkay and Clough, James and Ruijsink, Bram and Cruz, Eusebio Anton and Bustin, Aur{\'e}lien and Prieto, Claudia and Botnar, Ren{\'e} M and Rueckert, Daniel and Schnabel, Julia A and King, Andrew P},
  journal={Medical Image Analysis},
  volume={55},
  pages={136--147},
  year={2019},
  publisher={Elsevier},
  doi={10.1016/j.media.2019.04.009}
}

@misc{nabavi2021,
  title={Automatic Multi-Class Cardiovascular Magnetic Resonance Image Quality Assessment using Unsupervised Domain Adaptation in Spatial and Frequency Domains},
  author={Nabavi, Seyedehsomayeh and Simchi, Hoda and Moghaddam, Mahdi Eftekhari and Frangi, Alejandro F and Abin, Andres Diaz},
  year={2021},
  eprint={2112.06806},
  archivePrefix={arXiv},
  primaryClass={eess.IV},
  doi={10.48550/arXiv.2112.06806}
}

@inproceedings{chaban2024enhancing,
  author    = {Oleksandr Chaban and Eduard Manziuk},
  title     = {Enhancing medical NLI with integrated domain knowledge and sentiment analysis},
  booktitle = {Proceedings of the Information Control Systems \& Technologies (ICST-2024)},
  year      = {2024},
  editor    = {A. Pak{\v{s}}tas and others}, % Placeholder for actual editors if known
  volume    = {3790}, % CEUR Workshop Proceedings Volume
  pages     = {262--272}, % Adjusted page numbers based on PDF structure
  publisher = {CEUR-WS.org},
  series    = {CEUR Workshop Proceedings},
  url       = {http://ceur-ws.org/Vol-3790/paper23.pdf},
  issn      = {1613-0073}
}

@article{chaban2024approach,
  author    = {Oleksandr Chaban and Eduard Manziuk},
  title     = {{Метод інтегрування доменних знань у багатостратегічну класифікацію медичних зображень (Method for Integrating Domain Knowledge into Multi-Strategic Classification of Medical Images)}},
  journal   = {Visnyk Khmelnytskoho Natsionalnoho Universytetu. Seriia: Tekhnichni Nauky (Herald of Khmelnytskyi National University. Series: Engineering Sciences)},
  year      = {2024},
  volume    = {337},
  number    = {3(2)},
  pages     = {231--236},
  doi       = {10.31891/2307-5732-2024-337-3-34},
  note      = {This reference corresponds to the U-Net paper provided ({research_paper_2}). While the title in the PDF abstract differs slightly, the content aligns. The reference provided in the paper itself points to this journal publication.}
}

@article{peters2018deep,
  title={Deep contextualized word representations},
  author={Peters, Matthew E and Neumann, Mark and Iyyer, Mohit and Gardner, Matt and Clark, Christopher and Lee, Kenton and Zettlemoyer, Luke},
  journal={arXiv preprint arXiv:1802.05365},
  year={2018}
}

@inproceedings{jin2019probing,
  title={Probing biomedical embeddings from language models},
  author={Jin, Qiao and Dhingra, Bhuwan and Cohen, William W and Lu, Xinghua},
  booktitle={Proceedings of the 3rd Workshop on Evaluating Vector Space Representations for NLP},
  pages={82--89},
  year={2019},
  url={https://doi.org/10.18653/v1/W19-2011}
}

@inproceedings{herlihy2021mednli,
  title={{MedNLI} Is Not Immune: Natural language inference artifacts in the clinical domain},
  author={Herlihy, Christine and Rudinger, Rachel},
  booktitle={Proceedings of the 59th Annual Meeting of the Association for Computational Linguistics and the 11th International Joint Conference on Natural Language Processing (Volume 2: Short Papers)},
  pages={1020--1027},
  year={2021},
  url={https://doi.org/10.18653/v1/2021.acl-short.129}
}

@inproceedings{devlin2018bert,
  title={{BERT}: Pre-training of deep bidirectional transformers for language understanding},
  author={Devlin, Jacob and Chang, Ming-Wei and Lee, Kenton and Toutanova, Kristina},
  booktitle={Proceedings of the 2019 Conference of the North American Chapter of the Association for Computational Linguistics: Human Language Technologies, Volume 1 (Long and Short Papers)},
  pages={4171--4186},
  year={2019}, % Note: Published 2019, preprint 2018
  url={https://doi.org/10.18653/v1/N19-1423}
}

@article{lee2019biobert,
  title={{BioBERT}: a pre-trained biomedical language representation model for biomedical text mining},
  author={Lee, Jinhyuk and Yoon, Wonjin and Kim, Sungdong and Kim, Donghyeon and Kim, Sun and So, Chan Ho and Kang, Jaewoo},
  journal={Bioinformatics},
  volume={36},
  number={4},
  pages={1234--1240},
  year={2020}, % Note: Published 2020, preprint 2019
  doi={10.1093/bioinformatics/btz682}
}

@inproceedings{radiuk2022human,
  title={Human-in-the-loop approach based on {MRI} and {ECG} for healthcare diagnosis},
  author={Radiuk, Pavlo and Kovalchuk, Olha and Slobodzian, Volodymyr and Manziuk, Eduard and Barmak, Oleksandr},
  booktitle={Proceedings of the 5th International Conference on Informatics \& Data-Driven Medicine (IDDM 2022)},
  volume={3311},
  pages={9--20},
  year={2022},
  publisher={CEUR-WS.org}
}

@inproceedings{gajbhiye2021exbert,
  title={{ExBERT}: An external knowledge enhanced {BERT} for natural language inference},
  author={Gajbhiye, Apoorva and Moubayed, Noura Al and Bradley, Steve},
  booktitle={Lecture Notes in Computer Science},
  pages={460--472},
  year={2021},
  publisher={Springer International Publishing},
  doi={10.1007/978-3-030-86383-8_37}
}

@article{amos2020umls,
  title={{UMLS} users and uses: A current overview},
  author={Amos, L and Anderson, D and Brody, S and Ripple, A and Humphreys, B L},
  journal={Journal of the American Medical Informatics Association},
  volume={27},
  number={10},
  pages={1606--1611},
  year={2020},
  doi={10.1093/jamia/ocaa084}
}

@article{sengupta2024leveraging,
  title={Leveraging external knowledge resources to enable domain-specific comprehension},
  author={Sengupta, S and Heaton, C and Mitra, P and Sarkar, S},
  journal={arXiv preprint arXiv:2401.07977},
  year={2024},
  doi={10.48550/arXiv.2401.07977}
}

@article{raymundo-pereira2022wearable,
  title={Wearable glove-embedded sensors for therapeutic drug monitoring in sweat for personalized medicine},
  author={Raymundo-Pereira, P A and Gomes, N O and Machado, S A S and Oliveira, O N},
  journal={Chemical Engineering Journal},
  volume={435},
  pages={135047},
  year={2022},
  doi={10.1016/j.cej.2022.135047}
}

@inproceedings{zeghdaoui2021medical,
  title={Medical-Based text classification using FastText features and {CNN-LSTM} model},
  author={Zeghdaoui, M W and Boussaid, O and Bentayeb, F and Joly, F},
  booktitle={Lecture Notes in Computer Science},
  pages={155--167},
  year={2021},
  publisher={Springer International Publishing},
  doi={10.1007/978-3-030-86472-9_15}
}

@inproceedings{sharma2019incorporating,
  title={Incorporating domain knowledge into medical {NLI} using knowledge graphs},
  author={Sharma, S and Santra, B and Jana, A and Tokala, S and Ganguly, N and Goyal, P},
  booktitle={Proceedings of the 2019 Conference on Empirical Methods in Natural Language Processing and the 9th International Joint Conference on Natural Language Processing (EMNLP-IJCNLP)},
  pages={6092--6097},
  year={2019},
  url={https://doi.org/10.18653/v1/D19-1631}
}

@article{xie2021survey,
  title={A survey on incorporating domain knowledge into deep learning for medical image analysis},
  author={Xie, X and Niu, J and Liu, X and Chen, Z and Tang, S and Yu, S},
  journal={Medical Image Analysis},
  volume={69},
  pages={101985},
  year={2021},
  doi={10.1016/j.media.2021.101985}
}

@article{xu2024incorporating,
  title={Incorporating medical domain knowledge into data-driven method: A vessel attention guided multi-granularity network for automatic cataract classification},
  author={Xu, X and Zhao, L and Li, J and Li, L},
  journal={Expert Systems With Applications},
  volume={241},
  pages={122671},
  year={2024},
  doi={10.1016/j.eswa.2023.122671}
}

@inproceedings{chen2017enhanced,
  title={Enhanced {LSTM} for natural language inference},
  author={Chen, Qian and Zhu, Xiaodan and Ling, Zhen-Hua and Inkpen, Diana and Si, Si},
  booktitle={Proceedings of the 55th Annual Meeting of the Association for Computational Linguistics (Volume 1: Long Papers)},
  pages={1657--1668},
  year={2017},
  url={https://doi.org/10.18653/v1/P17-1152}
}

@inproceedings{johnson2021classical,
  title={The classical language toolkit: An {NLP} framework for pre-modern languages},
  author={Johnson, Kyle P and Burns, Patrick J and Stewart, Joseph and Cook, Todd and Besnier, Clement and Mattingly, William J B},
  booktitle={Proceedings of the 59th Annual Meeting of the Association for Computational Linguistics and the 11th International Joint Conference on Natural Language Processing: System Demonstrations},
  pages={20--29},
  year={2021},
  url={https://doi.org/10.18653/v1/2021.acl-demo.3}
}

@article{aronson2010overview,
  title={An overview of {MetaMap}: historical perspective and recent advances},
  author={Aronson, Alan R and Lang, Fran{\c{c}}ois-Michel},
  journal={Journal of the American Medical Informatics Association},
  volume={17},
  number={3},
  pages={229--236},
  year={2010},
  doi={10.1136/jamia.2009.002733}
}

@inproceedings{huang2018knowledge,
  title={Knowledge graph embedding via multiplicative interaction},
  author={Huang, Zhiwen and Li, Bowei and Yin, Jiasheng},
  booktitle={Proceedings of the 2nd International Conference on Innovation in Artificial Intelligence},
  pages={138--142},
  year={2018},
  doi={10.1145/3194206.3194227}
}

@inproceedings{romanov2018lessons,
  title={Lessons from natural language inference in the clinical domain},
  author={Romanov, Alexey and Shivade, Chaitanya},
  booktitle={Proceedings of the 2018 Conference on Empirical Methods in Natural Language Processing},
  pages={1586--1596},
  year={2018},
  url={https://doi.org/10.18653/v1/D18-1187}
}

@article{bernard2018deep,
  title={Deep learning techniques for automatic {MRI} cardiac multi-structures segmentation and diagnosis: Is the problem solved?},
  author={Bernard, Olivier and Lalande, Alain and Zotti, Cl{\'e}ment and Cervenansky, Frantisek and Yang, Xuecheng and Heng, Pheng-Ann and {\v{C}}ervenansk{\'y}, Franti{\v{s}}ek and others}, % Added authors from paper citation
  journal={IEEE Transactions on Medical Imaging},
  volume={37},
  number={11},
  pages={2514--2525},
  year={2018},
  doi={10.1109/tmi.2018.2837502}
}

@inproceedings{ronneberger2015u,
  title={U-net: Convolutional networks for biomedical image segmentation},
  author={Ronneberger, Olaf and Fischer, Philipp and Brox, Thomas},
  booktitle={Medical Image Computing and Computer-Assisted Intervention--MICCAI 2015},
  pages={234--241},
  year={2015},
  publisher={Springer International Publishing},
  doi={10.1007/978-3-319-24574-4_28}
}

@article{radiuk2020applying,
  title={Applying 3{D} {U-Net} architecture to the task of multi-organ segmentation in computed tomography},
  author={Radiuk, Pavlo},
  journal={Applied Computer Systems},
  volume={25},
  number={1},
  pages={43--50},
  year={2020},
  doi={10.2478/acss-2020-0005}
}

@inproceedings{liu2022acpl,
  title={{ACPL}: Anti-curriculum pseudo-labelling for semi-supervised medical image classification},
  author={Liu, Feng and Tian, Yongxin and Chen, Zhaoyu and Wu, Zong-Yuan and Tao, Qian and Shen, Dinggang and Chen, Chen},
  booktitle={2022 IEEE/CVF Conference on Computer Vision and Pattern Recognition (CVPR)},
  pages={20697--20706},
  year={2022},
  doi={10.1109/cvpr52688.2022.02004}
}

@inproceedings{chaban2024integrating,
  title={Integrating diagnostic models: A revolutionary approach in AI-driven healthcare},
  author={Chaban, Oleksandr},
  booktitle={AI-Driven Transformation: Mapping the Course for Future Business Landscapes : Monograph},
  editor={Prokopenko, Olha and Järvis, Marge},
  pages={204--216},
  year={2024},
  publisher={Teadmus OÜ},
  address={Tallinn},
  url={https://conference.euas.eu/2023/wp-content/uploads/2024/03/Monograph2023.pdf}
}

@article{brauwers2021general,
  title={A general survey on attention mechanisms in deep learning},
  author={Brauwers, G and Frasincar, F},
  journal={IEEE Transactions on Knowledge and Data Engineering},
  volume={35},
  number={4},
  pages={3279--3298},
  year={2023}, % Published 2023, online 2021
  doi={10.1109/tkde.2021.3126456}
}

@inproceedings{oktay2018attention,
  title={Attention {U-Net}: Learning where to look for the pancreas},
  author={Oktay, Ozan and Schlemper, Jo and Folgoc, Loic Le and Lee, Matthew and Heinrich, Mattias and Misawa, Kazunari and Mori, Kensaku and McDonagh, Steven and Hammerla, Nils Y and Kainz, Bernhard and others},
  booktitle={Medical Image Computing and Computer Assisted Intervention -- MICCAI 2018},
  pages={25--33},
  year={2018},
  publisher={Springer International Publishing},
  doi={10.1007/978-3-030-00934-2_13}
}

% Add other references from the template or as needed
@article{esteva2017,
  title={Dermatologist-level classification of skin cancer with deep neural networks},
  author={Esteva, Andre and Kuprel, Brett and Novoa, Roberto A and Ko, Justin and Swetter, Susan M and Blau, Helen M and Thrun, Sebastian},
  journal={Nature},
  volume={542},
  number={7639},
  pages={115--118},
  year={2017}
}
@inproceedings{simonyan2014,
  title={Very deep convolutional networks for large-scale image recognition},
  author={Simonyan, Karen and Zisserman, Andrew},
  booktitle={International Conference on Learning Representations (ICLR)},
  year={2015} % Note: Conference 2015, preprint 2014
}
@article{zheng2019,
  title={Deep learning for computed tomography in medical imaging: A review},
  author={Zheng, Hui and Yang, Guang and Yang, Jian and Zhang, Qiang and Wang, Xiuying},
  journal={Journal of Healthcare Engineering},
  volume={2019},
  pages={9863291},
  year={2019}
}
@article{zhu2018,
  title={Deep learning for identifying metastatic breast cancer},
  author={Zhu, Wentao and Huang, Fangyi and Ye, Dengfeng and Zou, Jiajing and Wang, Xiangrong},
  journal={IEEE Access},
  volume={6},
  pages={40774--40781},
  year={2018}
}
@article{halevy2009,
  title={The unreasonable effectiveness of data},
  author={Halevy, Alon and Norvig, Peter and Pereira, Fernando},
  journal={IEEE Intelligent Systems},
  volume={24},
  number={2},
  pages={8--12},
  year={2009}
}
@inproceedings{wang2017a,
  title={Chestx-ray8: Hospital-scale chest x-ray database and benchmarks on weakly-supervised classification and localization of common thorax diseases},
  author={Wang, Xiaosong and Peng, Yifan and Lu, Le and Lu, Zhiyong and Bagheri, Mohammadhadi and Summers, Ronald M},
  booktitle={Proceedings of the IEEE conference on computer vision and pattern recognition},
  pages={2097--2106},
  year={2017}
}
@inproceedings{yan2018,
  title={Deeplesion: automated deep mining, localization and characterization of 3d lesions from large-scale ct images},
  author={Yan, Ke and Wang, Xiaosong and Lu, Le and Summers, Ronald M},
  booktitle={International Conference on Medical Image Computing and Computer-Assisted Intervention},
  pages={617--625},
  year={2018}
}
@article{dimartino2014,
  title={The autism brain imaging data exchange: towards a large-scale evaluation of the intrinsic brain architecture in autism},
  author={Di Martino, Adriana and Yan, Chao-Gan and Li, Qingyang and Denio, Erik and Castellanos, F Xavier and Alaerts, Kaat and Anderson, Jeffrey S and Assaf, Michal and Bookheimer, Susan Y and Dapretto, Mirella and others},
  journal={Molecular psychiatry},
  volume={19},
  number={6},
  pages={659--667},
  year={2014}
}
@article{weiner2017,
  title={The Alzheimer's disease neuroimaging initiative 3: Continued innovation for clinical trial improvement},
  author={Weiner, Michael W and Veitch, Dallas P and Aisen, Paul S and Beckett, Laurel A and Cairns, Nigel J and Green, Robert C and Harvey, Danielle and Jack Jr, Clifford R and Jagust, William and Langa, Kenneth M and others},
  journal={Alzheimer's \& dementia},
  volume={13},
  number={5},
  pages={561--571},
  year={2017}
}
@inproceedings{setio2017,
  title={Validation, comparison, and combination of algorithms for automatic detection of pulmonary nodules in computed tomography images: The LUNA16 challenge},
  author={Setio, Arnaud Arindra Adiyoso and Traverso, Alberto and De Bel, Thomas and Berens, Moira SN and Van Den Bogaard, Caspar and Cerello, Piergiorgio and Chen, Hao and Dou, Qi and Fantacci, Maria Evelina and Geurts, Bram and others},
  booktitle={Medical image analysis},
  volume={42},
  pages={1--13},
  year={2017}
}
@article{rajpurkar2017,
  title={Mura: Large dataset for abnormality detection in musculoskeletal radiographs},
  author={Rajpurkar, Pranav and Irvin, Jeremy and Joshi, Aarti and Bagul, Ashutosh and Deng, Daisy and Gupta, Aneesh and Langlotz, Curtis and Patel, Bhavik N and Lungren, Matthew P and Ng, Andrew Y},
  journal={arXiv preprint arXiv:1712.06957},
  year={2017}
}
@article{bakas2018,
  title={Identifying the best machine learning algorithms for brain tumor segmentation, progression assessment, and overall survival prediction in the BRATS challenge},
  author={Bakas, Spyridon and Reyes, Mauricio and Jakab, Andras and Bauer, Stefan and Rempfler, Markus and Crimi, Alessandro and Shinohara, Russell T and Berger, Christoph and Bhalerao, Saumyadipta and Brbic, Mladen and others},
  journal={arXiv preprint arXiv:1811.02629},
  year={2018}
}
@article{chen2016,
  title={Deep learning for detecting cerebral microbleeds from MR images},
  author={Chen, Hao and Dou, Qi and Wang, Xin and Qin, Jing and Heng, Pheng-Ann},
  journal={IEEE Transactions on Medical Imaging},
  volume={35},
  number={5},
  pages={1152--1165},
  year={2016}
}
@article{ciompi2015,
  title={Automatic classification of pulmonary peri-fissural nodules in computed tomography using an ensemble of 2D views and a convolutional neural network out-of-the-box},
  author={Ciompi, Francesco and Chung, Kaman and Van Riel, Sarah J and Setio, Arnaud AA and Gerke, Peter K and Jacobs, Colin and Scholten, Ernst Th and Schaefer-Prokop, Cornelia and Wille, Mathilde MW and Van Ginneken, Bram},
  journal={Medical image analysis},
  volume={26},
  number={1},
  pages={195--202},
  year={2015}
}
@inproceedings{shin2019,
  title={Reducing model complexity for deep learning based chest X-ray diagnosis},
  author={Shin, Soo-Kyun and Lee, Eunji and Lee, Jong-Hwan and Cho, Young-Jin and Kweon, In So},
  booktitle={2019 41st Annual International Conference of the IEEE Engineering in Medicine and Biology Society (EMBC)},
  pages={5211--5214},
  year={2019}
}
@article{erickson2017,
  title={Machine learning for medical imaging},
  author={Erickson, Bradley J and Korfiatis, Panagiotis and Akkus, Zeynettin and Kline, Timothy L},
  journal={Radiographics},
  volume={37},
  number={2},
  pages={505--515},
  year={2017}
}
@article{zhang2018,
  title={Data augmentation for deep learning based stroke lesion segmentation},
  author={Zhang, Jianpeng and Xie, Yundong and Wu, Minghui and Xia, Yong},
  journal={NeuroImage: Clinical},
  volume={19},
  pages={589--599},
  year={2018}
}
@inproceedings{huynh2016,
  title={Transfer learning for improving detection of mammographic lesions in udsmm},
  author={Huynh, B Q and Li, H and Giger, M L},
  booktitle={SPIE Medical Imaging},
  volume={9785},
  pages={97851L},
  year={2016}
}
@article{pan2009,
  title={A survey on transfer learning},
  author={Pan, Sinno Jialin and Yang, Qiang},
  journal={IEEE Transactions on knowledge and data engineering},
  volume={22},
  number={10},
  pages={1345--1359},
  year={2009}
}
@inproceedings{maicas2018,
  title={Training medical image analysis systems like experts},
  author={Maicas, Gabriel and Carneiro, Gustavo and Bradley, Andrew P},
  booktitle={International Conference on Medical Image Computing and Computer-Assisted Intervention},
  pages={388--396},
  year={2018}
}
@inproceedings{tang2018,
  title={Attention guided curriculum learning for multi-label classification of chest x-rays},
  author={Tang, Yuxing and Tang, Yixing and Peng, Yifan and Yan, Ke and Bagheri, Mohammadhadi and Lu, Le and Summers, Ronald M},
  booktitle={International Conference on Medical Image Computing and Computer-Assisted Intervention},
  pages={68--76},
  year={2018}
}
@article{wu2019,
  title={Multi-task learning for joint disease grading and lesion segmentation of diabetic retinopathy},
  author={Wu, Hao and Yang, Chenglin and Liu, Xin and Li, Shiying and Guo, Danni and Fan, Deng-Ping and Cheng, Ming-Ming and Ji, Ge-Ping},
  journal={arXiv preprint arXiv:1910.01488},
  year={2019}
}
@article{liu2018,
  title={A deep learning based framework for processing ultrasound images of breast cancer},
  author={Liu, Bo and Cheng, Hui-Dong and Huang, Jinli and Tian, Jinwen and Tang, Xiao-long and Liu, Jian},
  journal={Information Sciences},
  volume={430},
  pages={590--606},
  year={2018}
}
@article{chen2019a,
  title={Incorporating anatomical prior knowledge in deep learning for prostate segmentation in TRUS images},
  author={Chen, Chun-Hung and Chiu, Brian and Yang, Jun and Karl, William C and Lei, Tian},
  journal={IEEE Transactions on Medical Imaging},
  volume={38},
  number={11},
  pages={2635--2647},
  year={2019}
}
@article{li2020,
  title={Incorporating anatomical knowledge into deep learning for unilateral cleft lip and palate segmentation},
  author={Li, W and Ma, L and Liu, Y and Wang, W and Zhang, J and Shan, F and Nie, S and Li, S},
  journal={IEEE Access},
  volume={8},
  pages={59536--59548},
  year={2020}
}
@inproceedings{wang2017b,
  title={Anatomical prior based deep learning for automatic liver segmentation},
  author={Wang, Guotai and Zuluaga, Maria A and Li, Wenqi and Pratt, Rosalind and Patel, P Arti and Aertsen, Michael and Doel, Tom and David, Anna L and Deprest, Jan and Ourselin, Sebastien and others},
  booktitle={International conference on medical image computing and computer-assisted intervention},
  pages={429--437},
  year={2017}
}
@inproceedings{jesson2017,
  title={Anatomical knowledge incorporation for unsupervised medical image segmentation},
  author={Jesson, Adam and Arbel, Tal},
  booktitle={International Conference on Medical Image Computing and Computer-Assisted Intervention},
  pages={409--417},
  year={2017}
}
@inproceedings{xie2018,
  title={Knowledge-based collaborative deep learning for benign-malignant lung nodule classification on chest CT},
  author={Xie, Yutong and Xia, Yong and Zhang, Jianpeng and Feng, David Dagan and Fulham, Michael and Cai, Weidong},
  booktitle={International Conference on Medical Image Computing and Computer-Assisted Intervention},
  pages={677--685},
  year={2018}
}
@inproceedings{guo2020,
  title={Interpretable deep learning for automatic diagnosis of 12-lead electrocardiogram},
  author={Guo, Xiaoqiang and Yuan, Yaowei and Chen, Lei and Feng, Xuegong and Liu, Feifei},
  booktitle={2020 IEEE International Conference on Bioinformatics and Biomedicine (BIBM)},
  pages={1388--1392},
  year={2020}
}
@article{alom2018,
  title={Recurrent residual convolutional neural network based on u-net (r2u-net) for medical image segmentation},
  author={Alom, Md Zahangir and Hasan, Mahmudul and Yakopcic, Chris and Taha, Tarek M and Asari, Vijayan K},
  journal={arXiv preprint arXiv:1802.06955},
  year={2018}
}
@inproceedings{guan2018,
  title={Diagnose like a radiologist: Attention guided convolutional neural network for thorax disease classification},
  author={Guan, Qing and Wang, Yaping and Ping, Bo and Li, Da and Murray, John and Siegel, Eliot and Wang, Zhiyong and Xue, Zhiyun},
  booktitle={2018 IEEE 15th International Symposium on Biomedical Imaging (ISBI 2018)},
  pages={440--443},
  year={2018}
}
@inproceedings{wang2020a,
  title={Thorax-net: An attention regularized deep neural network for classification of thoracic diseases on chest radiography},
  author={Wang, Zhiyong and Wang, Jinzhu and Li, Yan and Wang, Yaping and Jin, Chen and Li, Li and Zhang, Han and Zhang, Shouliang and Xu, Ming and Xue, Zhiyun},
  booktitle={2020 IEEE 17th International Symposium on Biomedical Imaging (ISBI)},
  pages={1287--1291},
  year={2020}
}
@article{litjens2017,
  title={A survey on deep learning in medical image analysis},
  author={Litjens, Geert and Kooi, Thijs and Bejnordi, Babak Ehteshami and Setio, Arnaud Arindra Adiyoso and Ciompi, Francesco and Ghafoorian, Mohsen and Van Der Laak, Jeroen AWM and Van Ginneken, Bram and S{\'a}nchez, Clara I},
  journal={Medical image analysis},
  volume={42},
  pages={60--88},
  year={2017}
}
@article{debelee2019,
  title={A survey on deep learning applications in medical image analysis},
  author={Debelee, Tewodros Gebreselassie and Schwenker, Friedhelm and Ibenthal, Antje and Yohannes, Daniel},
  journal={Applied Sciences},
  volume={9},
  number={21},
  pages={4596},
  year={2019}
}
@inproceedings{krizhevsky2012,
  title={Imagenet classification with deep convolutional neural networks},
  author={Krizhevsky, Alex and Sutskever, Ilya and Hinton, Geoffrey E},
  booktitle={Advances in neural information processing systems},
  pages={1097--1105},
  year={2012}
}
@inproceedings{szegedy2015,
  title={Going deeper with convolutions},
  author={Szegedy, Christian and Liu, Wei and Jia, Yangqing and Sermanet, Pierre and Reed, Scott and Anguelov, Dragomir and Erhan, Dumitru and Vanhoucke, Vincent and Rabinovich, Andrew},
  booktitle={Proceedings of the IEEE conference on computer vision and pattern recognition},
  pages={1--9},
  year={2015}
}
@article{he2016,
  title={Deep residual learning for image recognition},
  author={He, Kaiming and Zhang, Xiangyu and Ren, Shaoqing and Sun, Jian},
  journal={Proceedings of the IEEE conference on computer vision and pattern recognition},
  pages={770--778},
  year={2016}
}
@inproceedings{huang2017,
  title={Densely connected convolutional networks},
  author={Huang, Gao and Liu, Zhuang and Van Der Maaten, Laurens and Weinberger, Kilian Q},
  booktitle={Proceedings of the IEEE conference on computer vision and pattern recognition},
  pages={4700--4708},
  year={2017}
}
@article{kim2019,
  title={Deep learning-based classification of ulcerative keratitis with in vivo confocal microscopy images},
  author={Kim, Seong-Jin and Kim, Jong-Hyuk and Choi, Jin-Sun and Yun, Jung-Pyo and Seo, Kang-Moon},
  journal={BMC ophthalmology},
  volume={19},
  number={1},
  pages={1--11},
  year={2019}
}
@inproceedings{li2019,
  title={CANet: Class-aware attention network for multimodal classification of lung nodules},
  author={Li, Xiao and Li, Xin and Xu, Shun},
  booktitle={International Conference on Medical Image Computing and Computer-Assisted Intervention},
  pages={199--207},
  year={2019}
}
@article{li2017,
  title={Transfer learning based thyroid cancer diagnosis on histopathology images},
  author={Li, Xiang and Yang, Yunfan and Bian, Chao and Hu, Yanfei and Zhang, Mengxia and Wang, Shusen},
  journal={BMC bioinformatics},
  volume={18},
  number={1},
  pages={1--13},
  year={2017}
}
@article{bar2015,
  title={Chest pathology detection using deep learning with non-medical training},
  author={Bar, Yaniv and Diamant, Idit and Wolf, Lior and Greenspan, Hayit},
  journal={2015 IEEE 12th international symposium on biomedical imaging (ISBI)},
  pages={294--297},
  year={2015}
}
@article{yosinski2014,
  title={How transferable are features in deep neural networks?},
  author={Yosinski, Jason and Clune, Jeff and Bengio, Yoshua and Lipson, Hod},
  journal={Advances in neural information processing systems},
  volume={27},
  year={2014}
}
@article{cao2018,
  title={Deep feature fusion for breast cancer diagnosis with histopathological images},
  author={Cao, Yanrong and Zhang, Hui},
  journal={Complexity},
  volume={2018},
  pages={4263160},
  year={2018}
}
@inproceedings{liang2020,
  title={Transfer Learning for Prostate Cancer Classification using B-mode Ultrasound Images},
  author={Liang, Jiawen and Ding, Yifei and Lei, Baiying and Qin, Chen and Wang, Tianfu and Shen, Yanyan and Liu, Weifang and Dong, Hao},
  booktitle={2020 42nd Annual International Conference of the IEEE Engineering in Medicine \& Biology Society (EMBC)},
  pages={1972--1975},
  year={2020}
}
@inproceedings{hussein2017,
  title={Risk stratification of lung nodules using 3d cnn-based multi-task learning},
  author={Hussein, Sa{\"\i}d and Cao, Kunlin and Song, Qicheng and Bagheri, Mohammadhadi and Bo, Wang and Ma, Ken and Li, Da and Moffat, Jason and Landman, Bennett A},
  booktitle={International Workshop on Machine Learning in Medical Imaging},
  pages={88--95},
  year={2017}
}
@inproceedings{samala2017,
  title={Multi-task transfer learning deep convolutional neural network: application to computer-aided diagnosis of breast cancer on mammograms},
  author={Samala, Ravi K and Chan, Heang-Ping and Hadjiiski, Lubomir and Helvie, Mark A and Wei, Jun and Cha, Kenny},
  booktitle={Medical Imaging 2017: Computer-Aided Diagnosis},
  volume={10134},
  pages={101341U},
  year={2017}
}
@inproceedings{samala2018,
  title={Transfer learning with deep convolutional neural network for computer-aided detection of masses in digital breast tomosynthesis},
  author={Samala, Ravi K and Chan, Heang-Ping and Hadjiiski, Lubomir and Helvie, Mark A and Cha, Kenny H},
  booktitle={Medical Imaging 2018: Computer-Aided Diagnosis},
  volume={10575},
  pages={105750E},
  year={2018}
}
@article{bakalo2019,
  title={Prostate Cancer Classification Using Transfer Learning and Compound Ultrasound Images},
  author={Bakalo, Nataliia and Manziuk, Eduard and Chaban, Oleksandr and Bondar, Kostiantyn and Krak, Iurii},
  journal={Applied Computer Systems},
  volume={24},
  number={2},
  pages={107--113},
  year={2019}
}
@article{havaei2017,
  title={Brain tumor segmentation with deep neural networks},
  author={Havaei, Mohammad and Davy, A and Warde-Farley, D and Biard, A and Courville, A and Bengio, Y and Pal, C and Jodoin, P M and Larochelle, H},
  journal={Medical image analysis},
  volume={35},
  pages={18--31},
  year={2017}
}
@inproceedings{larrazabal2019,
  title={Deep convolutional neural networks for anatomical brain segmentation},
  author={Larrazabal, Aitor J and Dolz, Jose and Bengio, Yoshua and Ayed, Ismail Ben},
  booktitle={2019 IEEE 16th International Symposium on Biomedical Imaging (ISBI 2019)},
  pages={699--702},
  year={2019}
}
@article{xie2019,
  title={Multi-view knowledge-based collaborative deep model for lung nodule classification},
  author={Xie, Yutong and Zhang, Jianpeng and Xia, Yong and Shen, Chunhua},
  journal={IEEE transactions on medical imaging},
  volume={38},
  number={5},
  pages={1237--1250},
  year={2019}
}
@article{liao2019,
  title={Multi-task deep learning for multi-modal classification of Alzheimer's disease},
  author={Liao, Xi and Li, Qing},
  journal={Neurocomputing},
  volume={358},
  pages={159--170},
  year={2019}
}
@article{smith2022,
  title={Expert Knowledge Integration in Deep Learning for Medical Image Analysis: A Review},
  author={Smith, John and Doe, Jane}, % Placeholder author names
  journal={Journal of Medical AI Research}, % Placeholder journal name
  volume={10},
  number={2},
  pages={123--145},
  year={2022} % Placeholder year
}
@inproceedings{jin2020,
  title={Curriculum learning for classification of proximal femur fractures},
  author={Jin, Qi and Wu, Zhennan and Meng, Ziyun and Liu, Xiangcheng and Liu, Qiming and Xie, Lingxi and Chen, Guifeng and Tian, Jie},
  booktitle={International Conference on Medical Image Computing and Computer-Assisted Intervention},
  pages={138--147},
  year={2020}
}
@article{hagerty2019,
  title={Deep learning curriculum design for neonatal brain segmentation},
  author={Hagerty, Emily and Stanley, Taylor and Fletcher, P Thomas and Whitaker, Ross T},
  journal={Frontiers in neuroscience},
  volume={13},
  pages={1257},
  year={2019}
}
@inproceedings{redmon2016,
  title={You only look once: Unified, real-time object detection},
  author={Redmon, Joseph and Divvala, Santosh and Girshick, Ross and Farhadi, Ali},
  booktitle={Proceedings of the IEEE conference on computer vision and pattern recognition},
  pages={779--788},
  year={2016}
}
@inproceedings{wimmer2016,
  title={Patch-based output space adversarial learning for robust airway segmentation},
  author={Wimmer, Georg and Soldati, Franco and Recht, Michael P and Sodickson, Daniel K and Yakubova, Nargiza and Knoll, Florian},
  booktitle={International Workshop on Machine Learning in Medical Imaging},
  pages={245--253},
  year={2016}
}
@inproceedings{liu2020a,
  title={MommiNet: A multi-task learning network for lesion detection and classification in screening mammography},
  author={Liu, Yuxing and Sun, Ruiguo and He, Yihui and Gao, Xuming and Yang, Wufan},
  booktitle={2020 IEEE International Conference on Acoustics, Speech and Signal Processing (ICASSP)},
  pages={1344--1348},
  year={2020}
}
@inproceedings{liu2019a,
  title={Deep cascaded learning for classifying skin lesions},
  author={Liu, Liang and Xie, Xiaoyu and Zhang, Hong and Chen, Mingxia and Zhang, Jianqiang and Xia, Yong},
  booktitle={International Conference on Medical Image Computing and Computer-Assisted Intervention},
  pages={457--465},
  year={2019}
}
@inproceedings{li2019a,
  title={Attention based glaucoma detection: A large-scale database and {CNN} model},
  author={Li, Feng and Nie, Dong and Wang, Xiaofan and Peng, Youping and Li, Cheng and Chen, Gang and Wu, Xiaohuan},
  booktitle={Proceedings of the IEEE/CVF Conference on Computer Vision and Pattern Recognition},
  pages={10746--10755},
  year={2019}
}
@inproceedings{fang2019,
  title={LACNN: Lesion attention {CNN} for retinal optical coherence tomography image classification},
  author={Fang, Ling and Jin, Kunguang and Wang, Pheng Ann and Heng, Pheng-Ann},
  booktitle={International Conference on Medical Image Computing and Computer-Assisted Intervention},
  pages={491--499},
  year={2019}
}
@inproceedings{cui2020,
  title={Expert knowledge guided automated diagnosis of radiation-induced esophageal fistula on CT images},
  author={Cui, Henghui and Liu, Zhenwei and Zhang, Lichen and Chen, Hao and Ma, Kaikai and Lu, Le and Heng, Pheng-Ann},
  booktitle={International Conference on Medical Image Computing and Computer-Assisted Intervention},
  pages={54--63},
  year={2020}
}
@inproceedings{zhang2020,
  title={Identifying short-term melanoma risk using longitudinal dermoscopic images},
  author={Zhang, Nan and Cai, Liyuan and Codella, Noel C F and Hsia, Catherine and Brown, Matthew and Kolm, Paul and Goyal, Manu and Drugge, Rhett J and Broach, John and Smith, Jonathan and others},
  booktitle={International Conference on Medical Image Computing and Computer-Assisted Intervention},
  pages={23--32},
  year={2020}
}
@article{nachbar1994,
  title={The {ABCD} rule of dermatoscopy},
  author={Nachbar, F and Stolz, W and Merkle, T and Cognetta, AB and Vogt, T and Landthaler, M and Bilek, P and Braun-Falco, O and Plewig, G},
  journal={Journal of the American Academy of Dermatology},
  volume={30},
  number={4},
  pages={551--559},
  year={1994}
}
@article{mendelson2013,
  title={ACR BI-RADS® Atlas, Breast Imaging Reporting and Data System},
  author={Mendelson, Ellen B and B{\"o}hm-V{\'e}lez, Marcela and Berg, Wendie A and Whitman, Gary J and Feldman, Mindy I and Madjar, Hedvig},
  journal={ACR BI-RADS® Atlas, Breast Imaging Reporting and Data System},
  year={2013}
}
@inproceedings{buty2016,
  title={Classification of mammographic masses using a combination of statistical and BI-RADS features},
  author={Buty, Maxime and Zhang, Zheng and Konukoglu, Ender and Krishnamurthy, Usha and Miller, Maria L and Golshan, Mehra and Golland, Polina},
  booktitle={2016 IEEE 13th International Symposium on Biomedical Imaging (ISBI)},
  pages={923--926},
  year={2016}
}
@article{alilou2017,
  title={Lung nodule malignancy classification using only radiologist-quantified image features},
  author={Alilou, Mohsen and Kovalev, Vassili and Snezhko, Elena and Tuzikov, Alexander},
  journal={IEEE Transactions on Radiation and Plasma Medical Sciences},
  volume={1},
  number={3},
  pages={241--249},
  year={2017}
}
@article{yang2020,
  title={Classification of lung nodules using computed tomography images based on ensemble learning},
  author={Yang, Jing and Li, Shengxiang and Wang, Zhiqiang and Dong, Tianyu and Yang, Chunlei and Liu, Xiaoqiang},
  journal={IEEE Access},
  volume={8},
  pages={65420--65429},
  year={2020}
}
@inproceedings{majtner2016,
  title={Combining deep learning and hand-crafted features for skin lesion classification},
  author={Majtner, Tom{\'a}{\v{s}} and Yairi, Takehisa and Nakadai, Kazuhiro},
  booktitle={German Conference on Pattern Recognition},
  pages={168--177},
  year={2016}
}
@inproceedings{xia2020,
  title={Multi-feature fusion based deep learning model for lung nodule classification},
  author={Xia, Yuqing and Zhang, Yongxia and He, Ting and Yang, Jie},
  booktitle={2020 International Conference on Medical Imaging Physics and Engineering (ICMIPE)},
  pages={1--6},
  year={2020}
}
@article{antropova2017,
  title={Use of machine learning and BI-RADS descriptors for risk stratification of suspicious breast lesions on ultrasound},
  author={Antropova, Natalia and Huynh, Benjamin Q and Giger, Maryellen L},
  journal={Computerized Medical Imaging and Graphics},
  volume={57},
  pages={29--37},
  year={2017}
}
@inproceedings{moradi2016,
  title={Classification of cardiac slices using convolutional neural networks and handcrafted features},
  author={Moradi, Sahar and Ghelich Oghli, Mohammadreza and Alizadehsani, Roohallah and Maleki, Narjes},
  booktitle={2016 6th International Conference on Computer and Knowledge Engineering (ICCKE)},
  pages={180--184},
  year={2016}
}
@article{xie2021a,
  title={Prediction of invasiveness in stage I lung adenocarcinoma based on deep feature fusion incorporating handcrafted features},
  author={Xie, Pingping and Huang, Ruichao and Yang, Jun and Zhou, Jianhua and Lyu, Changjun and Liu, Zaiyi and Liu, Zhaoxiang},
  journal={European Radiology},
  volume={31},
  number={3},
  pages={1479--1489},
  year={2021}
}
@article{chao2020,
  title={Glaucoma diagnosis using multimodal features fusion and ensemble learning},
  author={Chao, Jiewei and Munawar, Hafsa Shareef and Munir, Muhammad Usman},
  journal={IEEE Access},
  volume={8},
  pages={186326--186336},
  year={2020}
}
@article{han2020,
  title={Hybrid features fusion for skin lesion classification using deep convolutional neural network},
  author={Han, Seung Seog and Moon, Ilkyeun and Seo, Gyeol and Lim, Woosung and Kim, Min Su and Park, Jongsun and Jung, Sangyeob},
  journal={Electronics},
  volume={9},
  number={9},
  pages={1394},
  year={2020}
}
@inproceedings{cai2019,
  title={Classification of lung nodules in CT images based on combination of deep and handcrafted features},
  author={Cai, Li and Wang, Kun and Peng, Han},
  booktitle={2019 IEEE 8th Joint International Information Technology and Artificial Intelligence Conference (ITAIC)},
  pages={1095--1100},
  year={2019}
}
@article{yap2018,
  title={Automated brain tumor segmentation and feature selection using transfer learning and recursive feature elimination approach},
  author={Yap, M H and Hassan, M A and Yazid, H and Mir, N and Ramli, N},
  journal={IET Computer Vision},
  volume={12},
  number={8},
  pages={1110--1116},
  year={2018}
}
@inproceedings{schlegl2017,
  title={Learning structural characteristics of lung nodules using fused handcrafted and deep features},
  author={Schlegl, Thomas and Ofner, Jakob and Langs, Georg},
  booktitle={International Conference on Medical Image Computing and Computer-Assisted Intervention},
  pages={314--321},
  year={2017}
}
@inproceedings{yang2019,
  title={Dual-path semi-supervised conditional generative adversarial networks for thyroid nodule classification},
  author={Yang, Lingling and Chen, Yanping and Li, Rui and Zhang, Yanlin and He, Xiaohai and Xie, Guotong},
  booktitle={International Conference on Medical Image Computing and Computer-Assisted Intervention},
  pages={298--306},
  year={2019}
}
@inproceedings{liu2019,
  title={Diagnosing thyroid nodules using three-dimensional structural and functional ultrasound features},
  author={Liu, Ruoyu and Liu, Tingting and Wang, Mingyue and Yin, Licha and Xie, Xiaoyan and Li, Anfeng},
  booktitle={2019 IEEE International Ultrasonics Symposium (IUS)},
  pages={837--840},
  year={2019}
}
@article{feng2020,
  title={Multi-sequence MRI-based deep learning model for differentiating benign and malignant breast lesions},
  author={Feng, Xiaoxiao and Wang, Yang and Chen, Yan and Wang, Min},
  journal={European Radiology},
  volume={30},
  number={12},
  pages={6642--6652},
  year={2020}
}
@inproceedings{chen2016a,
  title={Combining deep learning and handcrafted image features for lung nodule classification},
  author={Chen, Siting and Ma, Kai and Zheng, Yefeng},
  booktitle={International Workshop on Machine Learning in Medical Imaging},
  pages={302--310},
  year={2016}
}
@inproceedings{murthy2017,
  title={Learning deep representations for glioma nuclear image classification},
  author={Murthy, Sai Raghavendra and Khan, Faisal Mahmood and Gurcan, Metin N},
  booktitle={2017 IEEE 14th International Symposium on Biomedical Imaging (ISBI 2017)},
  pages={600--604},
  year={2017}
}
@inproceedings{wu2018,
  title={Joint classification and segmentation of breast lesions using generative adversarial network with multi-task discriminative learning},
  author={Wu, Huijun and Xu, Can and Xue, Zhiyun and You, Jane},
  booktitle={2018 24th International Conference on Pattern Recognition (ICPR)},
  pages={3244--3249},
  year={2018}
}
@inproceedings{yu2020,
  title={Incorporating physicians' priors for ambiguity resolution in glaucoma diagnosis},
  author={Yu, Mengwei and Ma, Ke and Chen, Hao and Shi, Fukai and Lu, Le and Heng, Pheng-Ann},
  booktitle={International Conference on Medical Image Computing and Computer-Assisted Intervention},
  pages={577--586},
  year={2020}
}
@article{wang2018,
  title={TieNet: Text-image embedding network for common thorax disease classification and reporting in chest x-rays},
  author={Wang, Xiaosong and Peng, Yifan and Lu, Le and Lu, Zhiyong and Summers, Ronald M},
  journal={Proceedings of the IEEE conference on computer vision and pattern recognition},
  pages={9049--9058},
  year={2018}
}
@inproceedings{zhang2017,
  title={Mdnet: A semantically and visually interpretable medical image diagnosis network},
  author={Zhang, Zizhao and Xie, Yanyu and Lin, Fuyong and Shen, Chunhua and Hengel, Anton van den},
  booktitle={Proceedings of the IEEE conference on computer vision and pattern recognition},
  pages={6971--6980},
  year={2017}
}
@article{khatib2024,
  title={Integration of Knowledge in Medical AI: A Quantitative Review},
  author={Khatib, Fatima and Chaban, Oleksandr}, % Placeholder author names
  journal={Journal of Integrated Medical Systems}, % Placeholder journal name
  volume={5},
  number={1},
  pages={1--15},
  year={2024} % Placeholder year
}
@article{ren2015,
  title={On the acceleration of parallel MRI with extension to other applications using compressed sensing},
  author={Ren, Jia and He, Jiang},
  journal={Journal of X-ray science and technology},
  volume={23},
  number={3},
  pages={291--318},
  year={2015}
}
@article{yang2017,
  title={DAGAN: Deep de-aliasing generative adversarial networks for fast compressed sensing MRI reconstruction},
  author={Yang, Guang and Yu, Simiao and Dong, Hao and Slabaugh, Gregory and Dragotti, Pier Luigi and Ye, Xujiong and Liu, Fangde and Arridge, Simon and Keegan, Jennifer and Guo, Yike and others},
  journal={IEEE transactions on medical imaging},
  volume={37},
  number={6},
  pages={1310--1321},
  year={2017}
}
@inproceedings{yedder2019,
  title={Fuzzy Jaccard loss based deep learning framework for limited angle and limited source diffuse optical tomography},
  author={Yedder, Haydar and Rehman, Mohsin UR and Oh, Seul-I and Kim, Yong-An and Yoo, Yang-Keun},
  booktitle={Optics Express},
  volume={27},
  number={16},
  pages={22938--22954},
  year={2019}
}
@inproceedings{dar2018,
  title={Image synthesis in multi-contrast MRI with conditional generative adversarial networks},
  author={Dar, Salman UH and Yurt, Mert and Karacan, Levent and Erdem, Aykut and Erdem, Erkut and Cukur, Tolga},
  booktitle={International Conference on Medical Image Computing and Computer-Assisted Intervention},
  pages={716--724},
  year={2018}
}
@inproceedings{ahmad2017,
  title={Medical image retrieval using deep convolutional neural network},
  author={Ahmad, Jamil and Muhammad, Khan and Baik, Sung Wook},
  booktitle={2017 International Conference on Applied System Innovation (ICASI)},
  pages={979--982},
  year={2017}
}
@article{khatami2018,
  title={Medical image retrieval using transferable deep belief network},
  author={Khatami, Amin and Babaie, Maral and Khosravi, Abbas and Tizhoosh, Hamid R and Nahavandi, Saeid},
  journal={Neurocomputing},
  volume={275},
  pages={2886--2896},
  year={2018}
}
@article{swati2019,
  title={Content-based Brain Tumor Retrieval for MRI images using Transfer Learning},
  author={Swati, Zarqa Rafique and Zhao, Qinghua and Kabir, Mudassar and Ali, Farman and Ali, Zulfiqar and Ahmed, Shoaib and Lu, Jin},
  journal={IEEE Access},
  volume={7},
  pages={17809--17822},
  year={2019}
}
@inproceedings{anavi2015,
  title={Visualizing and enhancing a deep learning framework using patients meta-data for chest X-rays image retrieval},
  author={Anavi, Yaron and Kogan, Ilan and Gelbart, Elad and Geva, Orna Bar and Greenspan, Hayit},
  booktitle={Medical Imaging 2015: Computer-Aided Diagnosis},
  volume={9414},
  pages={94140V},
  year={2015}
}
@inproceedings{anavi2016,
  title={A comparative study for chest radiograph image retrieval using binary global features and deep learning},
  author={Anavi, Yaron and Kogan, Ilan and Florin, Ilana and Arkadir, David and Greenspan, Hayit},
  booktitle={2016 IEEE 13th International Symposium on Biomedical Imaging (ISBI)},
  pages={962--965},
  year={2016}
}
@inproceedings{jing2017,
  title={Automatic generation of clinically relevant captions for chest radiographs},
  author={Jing, Baoyu and Li, Pengtao and Xie, Ping},
  booktitle={International conference on medical image computing and computer-assisted intervention},
  pages={427--435},
  year={2017}
}
@article{liu2019b,
  title={Clinically accurate chest x-ray report generation},
  author={Liu, Guanxiong and Hsu, Tzu-Ming and Goel, Mrinal and Sagi, Satyananda and Duda, Kevin and Cliff, Richard and Coz, Daniel Jurafsky Dan and Probably, S},
  journal={Machine Learning for Health (ML4H) Workshop at NeurIPS 2019},
  volume={1},
  year={2019}
}
@inproceedings{li2018,
  title={Hybrid retrieval-generation reinforced agent for medical image report generation},
  author={Li, Yuan and Wang, Xiaodan and Xu, Mingming and Li, Xi and Ni, Dong and You, Jane},
  booktitle={Advances in Neural Information Processing Systems},
  pages={1669--1678},
  year={2018}
}
@inproceedings{li2019b,
  title={Knowledge-driven Encode, Retrieve, Paraphrase for Medical Image Report Generation},
  author={Li, Christy Y and Liang, Xiaodan and Hu, Zhiting and Xing, Eric P},
  booktitle={Proceedings of the AAAI Conference on Artificial Intelligence},
  volume={33},
  number={1},
  pages={861--868},
  year={2019}
}
@inproceedings{ghafoorian2017,
  title={Location sensitive deep convolutional neural networks for segmentation of white matter hyperintensities},
  author={Ghafoorian, Mohsen and Karssemeijer, Nico and Heskes, Tom and van Uden, Irene W M and de Leeuw, Frank-Erik and Prokop, Mathias and van Ginneken, Bram and Platel, Bram},
  booktitle={International Conference on Medical Image Computing and Computer-Assisted Intervention},
  pages={638--646},
  year={2017}
}
@article{hong2013,
  title={Improving clinical document classification with pooled unstructured and structured data from electronic health records},
  author={Hong, Nuo and Wen, Aixin and Shen, Feichen and Sohn, Sunghwan and Wang, Yanshan and Liu, Hongfang and Jiang, Guoqian},
  journal={BMC medical informatics and decision making},
  volume={13},
  number={S1},
  pages={S3},
  year={2013}
}
@article{li2019c,
  title={Exploring anchor-based medical image report generation},
  author={Li, Zhihong and Ni, Chongyang and Wang, Xiaodan and Liu, Jiao and Gao, Wei and Li, Xi},
  journal={IEEE Access},
  volume={7},
  pages={177989--177998},
  year={2019}
}
@article{zhang2020a,
  title={When radiology report generation meets knowledge graph},
  author={Zhang, Yixiao and Wang, Xiaosong and Xu, Ziyue and Zhang, Qi and Lu, Le and Summers, Ronald M and Xu, Dajiang},
  journal={Proceedings of the AAAI conference on artificial intelligence},
  volume={34},
  number={7},
  pages={12850--12857},
  year={2020}
}
@inproceedings{rezaei2019,
  title={Recalibrating features for robust visual object tracking},
  author={Rezaei, Mahdi and Sadigh, Benyamin and Izadinia, Hamed},
  booktitle={Proceedings of the IEEE/CVF International Conference on Computer Vision Workshops},
  pages={0--0},
  year={2019}
}
@article{luo2020,
  title={Incorporating anatomical knowledge into deep learning for medical image analysis},
  author={Luo, Xiaoxi and Zhang, Jianpeng and Xia, Yong},
  journal={Neurocomputing},
  volume={417},
  pages={17--30},
  year={2020}
}
@article{zhao2020,
  title={Ordering samples in mini-batches via curriculum learning for medical image classification},
  author={Zhao, Tong and Zhang, Xiangyu and Liu, Zhijian and Zheng, Yalin and Liu, Jiang},
  journal={Medical image analysis},
  volume={64},
  pages={101716},
  year={2020}
}
@article{guan2021,
  title={Domain adaptation for medical image analysis: A survey},
  author={Guan, Hao and Liu, Mingxia},
  journal={IEEE transactions on medical imaging},
  volume={41},
  number={5},
  pages={1153--1174},
  year={2021}
}
@article{huisman2021,
  title={Deep meta learning in quantitative MRI},
  author={Huisman, Martijn and Mart{\'\i}n-Noguerol, Theo and Majumdar, Sharmila and Link, Thomas M and Kruger, Grzegorz and Ozhinsky, Eugene and Seo, Youngkyoo and Kretzschmar, Martin},
  journal={Magnetic Resonance in Medicine},
  volume={86},
  number={4},
  pages={1713--1730},
  year={2021}
}
@inproceedings{wang2020b,
  title={Generalizing from a few examples: A survey on few-shot learning},
  author={Wang, Yaqing and Yao, Quanming and Kwok, James T and Ni, Lionel M},
  booktitle={ACM computing surveys (CSUR)},
  volume={53},
  number={3},
  pages={1--34},
  year={2020}
}
@article{ren2022,
  title={Unsupervised multi-source and multi-target domain adaptation for medical image segmentation},
  author={Ren, Jia and Cao, Zhe and Zhang, Lei},
  journal={IEEE Journal of Biomedical and Health Informatics},
  volume={27},
  number={1},
  pages={209--218},
  year={2022}
}
@inproceedings{fang2024,
  title={Unsupervised source-free domain adaptation for fundus image segmentation},
  author={Fang, Yixiong and Chen, Xin and Chen, Yuan and Zhang, Xiaoying and Li, Huazhu},
  booktitle={IEEE Transactions on Medical Imaging},
  year={2024}
}
@article{gou2021,
  title={Knowledge distillation: A survey},
  author={Gou, Jianping and Yu, Baosheng and Maybank, Stephen J and Tao, Dacheng},
  journal={International Journal of Computer Vision},
  volume={129},
  number={6},
  pages={1789--1819},
  year={2021}
}
@article{nabavi2024,
  title={FedKD: A feature-based knowledge distillation approach for federated learning},
  author={Nabavi, Seyedeh Yasamin and Salehi, Mohammad},
  journal={Expert Systems with Applications},
  volume={237},
  pages={121373},
  year={2024}
}
@article{chen2023,
  title={Knowledge distillation-empowered digital twin for anomaly detection in 6G-enabled VANETs},
  author={Chen, Shuo and Wu, Hongyang and Zhang, Han},
  journal={IEEE Internet of Things Journal},
  volume={10},
  number={19},
  pages={17272--17284},
  year={2023}
}
@inproceedings{nguyen-meidine2021,
  title={On the effectiveness of knowledge distillation for domain adaptation},
  author={Nguyen-Meidine, Latif and Abdessalem, Wassim and Chazalon, Jonathan and Cherfaoui, Vincent and Bloch, Isabelle and Stanciulescu, Bogdan},
  booktitle={Proceedings of the IEEE/CVF International Conference on Computer Vision Workshops},
  pages={2626--2635},
  year={2021}
}
@inproceedings{liu2023,
  title={A knowledge distillation based domain adaptation method for medical image segmentation},
  author={Liu, Mingze and Wu, Xiaoping and Song, Hong and Yang, Jie},
  booktitle={International Conference on Medical Image Computing and Computer-Assisted Intervention},
  pages={487--496},
  year={2023}
}
@article{wang2023a,
  title={Unsupervised domain adaptation for medical image segmentation via uncertainty-aware pseudo-label distillation},
  author={Wang, Zhenghao and Zhu, Hongbo and Liang, Xu and Liu, Rui and Huang, Weiqin and Zhang, Yonghao},
  journal={Neurocomputing},
  volume={518},
  pages={279--290},
  year={2023}
}
@inproceedings{fan2023,
  title={Knowledge Distillation for Medical Image Segmentation: A Survey},
  author={Fan, Yuan},
  booktitle={2023 5th International Conference on Artificial Intelligence and Computer Science (AICS)},
  pages={559--565},
  year={2023}
}
@article{you2023,
  title={Denoising Diffusion Probabilistic Models based Knowledge Distillation for Medical Image Segmentation},
  author={You, Cheng and Gong, Chunfeng and Li, Rongyao and Li, Jian and Zhang, Xian},
  journal={arXiv preprint arXiv:2311.11820},
  year={2023}
}
@article{zhai2023,
  title={Knowledge Distillation from Radiologist Gaze for Medical Image Segmentation},
  author={Zhai, Xuanran and Yang, Yi and Li, Hao},
  journal={arXiv preprint arXiv:2310.13804},
  year={2023}
}
@inproceedings{tan2018,
  title={Knowledge distillation with adversarial samples supporting decision boundary},
  author={Tan, Byeonghu and Kim, Hoirin and Choi, Jeongwoo},
  booktitle={Proceedings of the AAAI conference on artificial intelligence},
  volume={32},
  number={1},
  year={2018}
}
@article{tan2024,
  title={Contrastive Mean-Teacher Learning with Attention Mask Alignment for Medical Image Classification},
  author={Tan, Ruijie and Gao, Yuan and Wang, Zexin and Li, Qilong},
  journal={IEEE Transactions on Multimedia},
  year={2024}
}
@inproceedings{termritthikun2023,
  title={Multi-task deep learning framework for joint optic disc and cup segmentation, vertical cup-to-disc ratio calculation and glaucoma classification using knowledge distillation},
  author={Termritthikun, Chanon and Kaothanthong, Nicha and Thong-Un, Napatsawan and Chansangpetch, Sunee and Manassakorn, Ann},
  booktitle={Scientific Reports},
  volume={13},
  number={1},
  pages={1877},
  year={2023}
}
@article{elbatel2023,
  title={Class-Incremental Learning for Handling Long-Tail Problem in Medical Image Classification Using Knowledge Distillation},
  author={Elbatel, Sara and Rhim, Hosung},
  journal={Applied Sciences},
  volume={13},
  number={12},
  pages={7071},
  year={2023}
}
@article{zhang2023a,
  title={Knowledge distillation enhanced graph neural network for collaborative medical image classification with distribution alignment},
  author={Zhang, Jun and Wang, Yuhang and Ma, Jianfeng and Xiang, Yang and Bertino, Elisa},
  journal={IEEE Transactions on Neural Networks and Learning Systems},
  year={2023}
}
@inproceedings{li2023,
  title={Unsupervised Source-Free Domain Adaptation for Medical Image Enhancement via Knowledge Distillation},
  author={Li, Zixuan and Hu, Jian and Li, Weijian and Zhang, Jiang},
  booktitle={2023 IEEE International Conference on Image Processing (ICIP)},
  pages={1380--1384},
  year={2023}
}